ISA|00|          |00|          |ZZ|ZIRMED         |ZZ|PAYER          |151027|1149|U|00401|000001478|0|P|^~GS|HP|ZIRMED|PROVIDERHIS|20151027|1149|1473|X|004010X091A1~ST|835|0001~BPR|I|107.12|C|ACH|CCP|01|071000505|DA|5800366444|1742770542||01|111000025|DA|488038453432|20151027~TRN|1|0901588989|1742770542~REF|EV|999999999999999~DTM|405|20151027~N1|PR|SUPERIOR HEALTH PLAN~N3|6070 GATEWAY EAST|SUITE 400~N4|EL PASO|TX|79905~N1|PE|DFW GERIATRICS PLLC|XX|1063835361~N3|2925 SKWY CIR N~N4|IRVING|TX|75038~REF|TJ|464596718~LX|1~CLP|3636-3960|1|215|107.12||HM|O294TXE46334|11|E~NM1|QC|1|ARGRO|DEONTE||||MR|623821845~NM1|IL|1|ARGRO|DEONTE||||MI|00313113201~NM1|82|1|KETHA|SUMANA||||XX|1962447805~REF|EA|000000046054~REF|G2|168813~SVC|HC^99214^25|130|56.98||1~DTM|472|20151008~CAS|CO|45|73.02~REF|6R|1584219543Z1~REF|HPI|1962447805~AMT|B6|56.98~SVC|ZZ^90654|23|19.6||1~DTM|472|20151008~CAS|CO|45|3.4~REF|6R|1584219543Z2~REF|HPI|1962447805~AMT|B6|19.6~SVC|HC^90471|33|8.62||1~DTM|472|20151008~CAS|CO|45|24.38~REF|6R|1584219543Z3~REF|HPI|1962447805~AMT|B6|8.62~SVC|HC^96372|29|21.92||1~DTM|472|20151008~CAS|CO|45|7.08~REF|6R|1584219543Z4~REF|HPI|1962447805~AMT|B6|21.92~SE|44|0001~GE|1|1473~IEA|1|000001478~