ISA|00|          |00|          |ZZ|ZIRMED         |ZZ|AV09311993     |141227|1433|U|00401|000000409|0|P|^~GS|HP|ZIRMED|AV01101957|20141227|1433|404|X|004010X091A1~ST|835|0001~BPR|I|57.99|C|CHK||||||||||||20141226~TRN|1|C14360117276910|1361236610|CP201412261172769100~REF|EV|TX8355010~DTM|405|20141226~N1|PR|BLUECROSS BLUESHIELD OF TEXAS~N3|P O BOX 660044~N4|DALLAS|TX|752660044~REF|2U|G84980~N1|PE|DFW GERIATRICS PLLC|XX|1063835361~N3|2925 SKYWAY CIR N~N4|IRVING|TX|750383510~REF|TJ|464596718~LX|1~CLP|204-216|2|104|17.41||ZZ|020143575757K240X00|32|1~NM1|QC|1|MCCLURG|MARY|A|||MI|R02369803~NM1|82|1|KETHA|SUMANA||||XX|1962447805~REF|1L|0000FEPTX0102~REF|CE|MEDICARE CROSSOVER CLAIM~DTM|232|20140710~DTM|233|20140710~DTM|050|20141223~AMT|AU|87.05~SVC|HC^99309|104|17.41||1~DTM|472|20140710~CAS|CO|23|16.95~CAS|OA|23|69.64~REF|6R|1311706479Z1~AMT|B6|87.05~LX|2~CLP|204-237|2|104|17.41||ZZ|020143575757K770X00|31|1~NM1|QC|1|MCCLURG|MARY|A|||MI|R02369803~NM1|82|1|KETHA|SUMANA||||XX|1962447805~REF|1L|0000FEPTX0102~REF|CE|MEDICARE CROSSOVER CLAIM~DTM|232|20140724~DTM|233|20140724~DTM|050|20141223~AMT|AU|87.05~SVC|HC^99309|104|17.41||1~DTM|472|20140724~CAS|CO|23|16.95~CAS|OA|23|69.64~REF|6R|1312079037Z1~AMT|B6|87.05~LX|3~CLP|204-330|2|155|23.17||ZZ|0201436057724J90X00|31|1~NM1|QC|1|MCCLURG|MARY|A|||MI|R02369803~NM1|82|1|MARCO|DALE|A|||XX|1952303547~REF|1L|0000FEPTX0102~REF|CE|MEDICARE CROSSOVER CLAIM~DTM|232|20140707~DTM|233|20140707~DTM|050|20141226~AMT|AU|115.84~SVC|HC^99310|155|23.17||1~DTM|472|20140707~CAS|CO|23|39.16~CAS|OA|23|92.67~REF|6R|1315247598Z1~AMT|B6|115.84~SE|62|0001~ST|835|0002~BPR|I|34.82|C|CHK||||||||||||20141226~TRN|1|C14360332828840|1361236610|CP201412263328288400~REF|EV|TX8355010~DTM|405|20141226~N1|PR|BLUECROSS BLUESHIELD OF TEXAS~N3|P O BOX 660044~N4|DALLAS|TX|752660044~REF|2U|G84980~N1|PE|DFW GERIATRICS PLLC|XX|1063835361~N3|2925 SKYWAY CIR N~N4|IRVING|TX|750383510~REF|TJ|464596718~LX|1~CLP|135-214|2|104|17.41||12|020143575775H260X00|32|1~NM1|QC|1|HEAD|JEANNE|H|||MI|0T96YG9R4~NM1|74|1||NELDA|J|||C|UTS0T96YG9R4~NM1|82|1|KETHA|SUMANA||||XX|1962447805~REF|1L|0000717780033~REF|CE|MEDICARE CROSSOVER CLAIM~DTM|232|20140710~DTM|233|20140710~DTM|050|20141223~AMT|AU|87.05~SVC|HC^99309|104|17.41||1~DTM|472|20140710~CAS|OA|23|86.59~REF|6R|1311706477Z1~AMT|B6|87.05~LX|2~CLP|135-240|2|104|17.41||12|020143575775H270X00|31|1~NM1|QC|1|HEAD|JEANNE|H|||MI|0T96YG9R4~NM1|74|1||NELDA|J|||C|UTS0T96YG9R4~NM1|82|1|KETHA|SUMANA||||XX|1962447805~REF|1L|0000717780033~REF|CE|MEDICARE CROSSOVER CLAIM~DTM|232|20140724~DTM|233|20140724~DTM|050|20141223~AMT|AU|87.05~SVC|HC^99309|104|17.41||1~DTM|472|20140724~CAS|OA|23|86.59~REF|6R|1312079041Z1~AMT|B6|87.05~LX|3~CLP|60-264|2|104|0|15.58|12|020143575774H700X00|31|1~NM1|QC|1|NEILL|VERNA|D|||MI|ZGP847326015~NM1|74|1||DORIS~NM1|82|1|MARCO|DALE|A|||XX|1952303547~REF|1L|0000351270004~REF|CE|MEDICARE CROSSOVER CLAIM~DTM|232|20140619~DTM|233|20140619~DTM|050|20141223~AMT|AU|77.89~SVC|HC^99309|104|0||1~DTM|472|20140619~CAS|OA|23|26.11~CAS|PR|104|77.89~REF|6R|1312044728Z1~AMT|B6|77.89~SE|63|0002~GE|2|404~IEA|1|000000409~