ISA|00|          |00|          |ZZ|ZIRMED         |ZZ|GATE0084       |141230|0053|U|00401|000000411|1|P|^~GS|HP|ZIRMED|GATE0084|20141230|0053|406|X|004010X091A1~ST|835|0001~BPR|I|52.23|C|CHK||||||||||||20141226~TRN|1|PG45102474|1411289245|000087726~DTM|405|20141226~N1|PR|UNITED HEALTHCARE INSURANCE COMPANY|XV|87726~N3|P O BOX 740800~N4|ATLANTA|GA|303740800~REF|2U|87726~PER|CX|SAN ANTONIO SERVICE CENTER|TE|8778423210~N1|PE|SUMANA KETHA|XX|1063835361~N3|2925 SKYWAY CIR N~N4|IRVING|TX|750380000~REF|TJ|464596718~LX|1~TS3|1063835361|31|20141231|3|312~CLP|200-175|2|104|17.41||15|4861062033 0042133731|31|1~NM1|QC|1|POWERS|JAMES|R~NM1|IL|1|POWERS|JAMES|R|||MI|910444299~NM1|74|1||D|G~NM1|82|1|KETHA|SUMANA||||XX|1962447805~REF|CE|IND~REF|1L|744432~DTM|050|20141222~DTM|232|20140807~AMT|AU|85.66~SVC|HC^99309|104|17.41||1~DTM|472|20140807~CAS|OA|23|86.59~REF|6R|1311003632Z1~AMT|B6|85.66~CLP|148-193|2|104|17.41||13|4863123908 0016160300|31|1~NM1|QC|1|SEASTRUNK|JUANITA|M~NM1|IL|1|SEASTRUNK|JUANITA|M|||MI|000136320~NM1|82|1|KETHA|SUMANA||||XX|1962447805~REF|1L|744260~REF|CE|CHOYC+~DTM|050|20141223~DTM|232|20140825~AMT|AU|85.66~SVC|HC^99309|104|17.41||1~DTM|472|20140825~CAS|OA|23|86.59~REF|6R|1311704849Z1~AMT|B6|85.66~LQ|HE|N23~CLP|148-194|2|104|17.41||13|4863123909 0016160313|31|1~NM1|QC|1|SEASTRUNK|JUANITA|M~NM1|IL|1|SEASTRUNK|JUANITA|M|||MI|000136320~NM1|82|1|KETHA|SUMANA||||XX|1962447805~REF|CE|CHOYC+~REF|1L|744260~DTM|050|20141223~DTM|232|20140818~AMT|AU|85.66~SVC|HC^99309|104|17.41||1~DTM|472|20140818~CAS|OA|23|86.59~REF|6R|1311705020Z1~AMT|B6|85.66~LQ|HE|N23~SE|61|0001~GE|1|406~IEA|1|000000411~