ISA|00|          |00|          |ZZ|ZIRMED         |29|E12705         |141122|0416|U|00401|000000146|0|P|^~GS|HP|ZIRMED|E12705|20141122|0416|146|X|004010X091A1~ST|835|0001~BPR|I|386.87|C|ACH|CCP|01|081517693|DA|152302017594|1205296137||01|111000025|DA|488038453432|20141124~TRN|1|888992557|1205296137~REF|EV|E12705~DTM|405|20141121~N1|PR|NOVITAS SOLUTIONS, INC.~N3|PO BOX 3110~N4|MECHANICSBURG|PA|170551826~REF|2U|04412~PER|CX||TE|8552528782~N1|PE|DFW GERIATRICS PLLC|XX|1063835361~N3|2925 SKYWAY CIRCLE NORTH~N4|IRVING|TX|750383510~REF|TJ|464596718~LX|1~CLP|99-20|19|234|152.6|38.93|MB|2914314441250|21|1~NM1|QC|1|DAVIS|KENNETH|W|||HN|453272992A~NM1|82|1||||||XX|1962447805~NM1|TT|2|TX HEALTH & HUMAN SERVICES COMMI|||||PI|70051~MOA|||MA01|MA07~DTM|050|20141110~SVC|HC^99223|234|152.6||1~DTM|472|20140621~CAS|CO|45|39.36||253|3.11~CAS|PR|2|38.93~REF|LU|21~REF|6R|1289334699Z1~AMT|B6|194.64~CLP|99-22|19|120|78.09|19.92|MB|2914314771140|21|1~NM1|QC|1|DAVIS|KENNETH|W|||HN|453272992A~NM1|82|1||||||XX|1962447805~NM1|TT|2|TX HEALTH & HUMAN SERVICES COMMI|||||PI|70051~MOA|||MA01|MA07~DTM|050|20141110~SVC|HC^99233|120|78.09||1~DTM|472|20140622~CAS|CO|45|20.4||253|1.59~CAS|PR|2|19.92~REF|LU|21~REF|6R|1289529888Z1~AMT|B6|99.6~CLP|99-23|19|120|78.09|19.92|MB|2914314771150|21|1~NM1|QC|1|DAVIS|KENNETH|W|||HN|453272992A~NM1|82|1||||||XX|1962447805~NM1|TT|2|TX HEALTH & HUMAN SERVICES COMMI|||||PI|70051~MOA|||MA01|MA07~DTM|050|20141110~SVC|HC^99233|120|78.09||1~DTM|472|20140623~CAS|CO|45|20.4||253|1.59~CAS|PR|2|19.92~REF|LU|21~REF|6R|1289640735Z1~AMT|B6|99.6~CLP|99-24|19|120|78.09|19.92|MB|2914314771160|21|1~NM1|QC|1|DAVIS|KENNETH|W|||HN|453272992A~NM1|82|1||||||XX|1962447805~NM1|TT|2|TX HEALTH & HUMAN SERVICES COMMI|||||PI|70051~MOA|||MA01|MA07~DTM|050|20141110~SVC|HC^99233|120|78.09||1~DTM|472|20140624~CAS|CO|45|20.4||253|1.59~CAS|PR|2|19.92~REF|LU|21~REF|6R|1289659867Z1~AMT|B6|99.6~SE|68|0001~GE|1|146~IEA|1|000000146~