ISA|00|          |00|          |ZZ|ZIRMED         |29|E12705         |141206|0152|U|00401|000000222|0|P|^~GS|HP|ZIRMED|E12705|20141206|0152|218|X|004010X091A1~ST|835|0001~BPR|H|0|C|NON||||||||||||20141208~TRN|1|458386313|1205296137~REF|EV|E12705~DTM|405|20141205~N1|PR|NOVITAS SOLUTIONS, INC.~N3|PO BOX 3110~N4|MECHANICSBURG|PA|170551826~REF|2U|04412~PER|CX||TE|8552528782~N1|PE|DFW GERIATRICS PLLC|XX|1063835361~N3|2925 SKYWAY CIRCLE NORTH~N4|IRVING|TX|750383510~REF|TJ|464596718~LX|1~CLP|191-180|4|121|0||MB|2814338652060|31|1~NM1|QC|1|ALEKUTTY|FERNANDES|H|||HN|456233322A~NM1|82|1||||||XX|1962447805~MOA|||MA130|MA61~DTM|050|20141204~SVC|HC^99316|121|0||||1~DTM|472|20140814~CAS|CO|140|121~REF|LU|31~REF|6R|1311003636Z1~LQ|HE|MA130~LQ|HE|MA61~SE|28|0001~GE|1|218~IEA|1|000000222~