ISA|00|          |00|          |ZZ|ZIRMED         |29|E12705         |141223|0125|U|00401|000000379|0|P|^~GS|HP|ZIRMED|E12705|20141223|0125|374|X|004010X091A1~ST|835|0001~BPR|I|1482.59|C|ACH|CCP|01|081517693|DA|152302017594|1205296137||01|111000025|DA|488038453432|20141223~TRN|1|889203024|1205296137~REF|EV|E12705~DTM|405|20141222~N1|PR|NOVITAS SOLUTIONS, INC.~N3|PO BOX 3110~N4|MECHANICSBURG|PA|170551826~REF|2U|04412~PER|CX||TE|8552528782~N1|PE|DFW GERIATRICS PLLC|XX|1063835361~N3|2925 SKYWAY CIRCLE NORTH~N4|IRVING|TX|750383510~REF|TJ|464596718~LX|1~CLP|27-327|1|51|30.05|7.67|MB|2814343700000|31|1~NM1|QC|1|ANDERSON|ROY|B|||HN|449190079A~NM1|82|1||||||XX|1952303547~MOA|||MA01~DTM|050|20141209~SVC|HC^99307|51|30.05||1~DTM|472|20140702~CAS|CO|45|12.67||253|.61~CAS|PR|2|7.67~REF|LU|31~REF|6R|1314131755Z1~AMT|B6|38.33~CLP|159-301|19|104|61.06|15.58|MB|2814343699770|31|1~NM1|QC|1|BARKER|M|L|||HN|450422259A~NM1|82|1||||||XX|1952303547~NM1|TT|2|TX HEALTH & HUMAN SERVICES COMMI|||||PI|70051~MOA|||MA01|MA07~DTM|050|20141209~SVC|HC^99309|104|61.06||1~DTM|472|20140626~CAS|CO|45|26.11||253|1.25~CAS|PR|2|15.58~REF|LU|31~REF|6R|1314066579Z1~AMT|B6|77.89~CLP|40-305|19|51|30.05|7.67|MB|2814343699800|31|1~NM1|QC|1|BILBREY|SONYA|C|||HN|464543387A~NM1|82|1||||||XX|1952303547~NM1|TT|2|AETNA, INC.|||||PI|00060~MOA|||MA01|MA18~DTM|050|20141209~SVC|HC^99307|51|30.05||1~DTM|472|20140626~CAS|CO|45|12.67||253|.61~CAS|PR|2|7.67~REF|LU|31~REF|6R|1314066583Z1~AMT|B6|38.33~CLP|40-319|19|104|61.06|15.58|MB|2814343699930|31|1~NM1|QC|1|BILBREY|SONYA|C|||HN|464543387A~NM1|82|1||||||XX|1952303547~NM1|TT|2|AETNA, INC.|||||PI|00060~MOA|||MA01|MA18~DTM|050|20141209~SVC|HC^99309|104|61.06||1~DTM|472|20140702~CAS|CO|45|26.11||253|1.25~CAS|PR|2|15.58~REF|LU|31~REF|6R|1314131748Z1~AMT|B6|77.89~CLP|97-314|19|104|61.06|15.58|MB|2814343699910|31|1~NM1|QC|1|BLANCO|DANIEL|R|||HN|460120017A~NM1|82|1||||||XX|1952303547~NM1|TT|2|TX HEALTH & HUMAN SERVICES COMMI|||||PI|70051~MOA|||MA01|MA07~DTM|050|20141209~SVC|HC^99309|104|61.06||1~DTM|472|20140626~CAS|CO|45|26.11||253|1.25~CAS|PR|2|15.58~REF|LU|31~REF|6R|1314101134Z1~AMT|B6|77.89~CLP|145-309|19|155|90.82|23.17|MB|2814343699830|31|1~NM1|QC|1|CASTRO|JOSE|A|||HN|635030630A~NM1|82|1||||||XX|1952303547~NM1|TT|2|TX HEALTH & HUMAN SERVICES COMMI|||||PI|70051~MOA|||MA01|MA07~DTM|050|20141209~SVC|HC^99310|155|90.82||1~DTM|472|20140626~CAS|CO|45|39.16||253|1.85~CAS|PR|2|23.17~REF|LU|31~REF|6R|1314066586Z1~AMT|B6|115.84~CLP|117-317|19|155|90.82|23.17|MB|2814343699900|31|1~NM1|QC|1|CHANCE|EUGENIA||||HN|466209252D~NM1|82|1||||||XX|1952303547~NM1|TT|2|TX HEALTH & HUMAN SERVICES COMMI|||||PI|70051~MOA|||MA01|MA07~DTM|050|20141209~SVC|HC^99310|155|90.82||1~DTM|472|20140626~CAS|CO|45|39.16||253|1.85~CAS|PR|2|23.17~REF|LU|31~REF|6R|1314066597Z1~AMT|B6|115.84~CLP|77-324|19|104|61.06|15.58|MB|2814343699970|31|1~NM1|QC|1|CROFFORD|HELEN|M|||HN|457146247D~NM1|82|1||||||XX|1952303547~NM1|TT|2|UNITEDHEALTH GROUP|||||PI|30002~MOA|||MA01|MA18~DTM|050|20141209~SVC|HC^99309|104|61.06||1~DTM|472|20140702~CAS|CO|45|26.11||253|1.25~CAS|PR|2|15.58~REF|LU|31~REF|6R|1314131752Z1~AMT|B6|77.89~CLP|12-323|19|104|61.06|15.58|MB|2814343699960|31|1~NM1|QC|1|DIGGLES|BERNICE||||HN|452922584A~NM1|82|1||||||XX|1952303547~NM1|TT|2|TX HEALTH & HUMAN SERVICES COMMI|||||PI|70051~MOA|||MA01|MA07~DTM|050|20141209~SVC|HC^99309|104|61.06||1~DTM|472|20140702~CAS|CO|45|26.11||253|1.25~CAS|PR|2|15.58~REF|LU|31~REF|6R|1314131751Z1~AMT|B6|77.89~CLP|164-315|19|79|46.35|11.82|MB|2814343699880|31|1~NM1|QC|1|DOMINGUEZ|MARIA||||HN|456542337A~NM1|82|1||||||XX|1952303547~NM1|TT|2|TX HEALTH & HUMAN SERVICES COMMI|||||PI|70051~MOA|||MA01|MA07~DTM|050|20141209~SVC|HC^99308|79|46.35||1~DTM|472|20140626~CAS|CO|45|19.88||253|.95~CAS|PR|2|11.82~REF|LU|31~REF|6R|1314066593Z1~AMT|B6|59.12~CLP|135-307|19|51|30.05|7.67|MB|2814343699820|31|1~NM1|QC|1|HEAD|JEANNE||||HN|560325163A~NM1|82|1||||||XX|1952303547~NM1|TT|2|HCSC-BCBS OF TX-OTHER B ONLY|||||PI|00044~MOA|||MA01|MA18~DTM|050|20141209~SVC|HC^99307|51|30.05||1~DTM|472|20140626~CAS|CO|45|12.67||253|.61~CAS|PR|2|7.67~REF|LU|31~REF|6R|1314066585Z1~AMT|B6|38.33~CLP|135-328|19|104|61.06|15.58|MB|2814343700010|31|1~NM1|QC|1|HEAD|JEANNE||||HN|560325163A~NM1|82|1||||||XX|1952303547~NM1|TT|2|HCSC-BCBS OF TX-OTHER B ONLY|||||PI|00044~MOA|||MA01|MA18~DTM|050|20141209~SVC|HC^99309|104|61.06||1~DTM|472|20140702~CAS|CO|45|26.11||253|1.25~CAS|PR|2|15.58~REF|LU|31~REF|6R|1314131756Z1~AMT|B6|77.89~CLP|171-312|19|104|61.06|15.58|MB|2814343699860|31|1~NM1|QC|1|HUYNH|MAU|T|||HN|640241790A~NM1|82|1||||||XX|1952303547~NM1|TT|2|TX HEALTH & HUMAN SERVICES COMMI|||||PI|70051~MOA|||MA01|MA07~DTM|050|20141209~SVC|HC^99309|104|61.06||1~DTM|472|20140626~CAS|CO|45|26.11||253|1.25~CAS|PR|2|15.58~REF|LU|31~REF|6R|1314066589Z1~AMT|B6|77.89~CLP|59-304|19|104|61.06|15.58|MB|2814343699920|31|1~NM1|QC|1|KEILSON|GERALD|R|||HN|462301721A~NM1|82|1||||||XX|1952303547~NM1|TT|2|AMA INSURANCE AGENCY, INC.|||||PI|30150~MOA|||MA01|MA18~DTM|050|20141209~SVC|HC^99309|104|61.06||1~DTM|472|20140626~CAS|CO|45|26.11||253|1.25~CAS|PR|2|15.58~REF|LU|31~REF|6R|1314101558Z1~AMT|B6|77.89~CLP|59-318|19|104|61.06|15.58|MB|2814343700040|31|1~NM1|QC|1|KEILSON|GERALD|R|||HN|462301721A~NM1|82|1||||||XX|1952303547~NM1|TT|2|AMA INSURANCE AGENCY, INC.|||||PI|30150~MOA|||MA01|MA18~DTM|050|20141209~SVC|HC^99309|104|61.06||1~DTM|472|20140702~CAS|CO|45|26.11||253|1.25~CAS|PR|2|15.58~REF|LU|31~REF|6R|1314136409Z1~AMT|B6|77.89~CLP|1-310|1|104|68.25|17.41|MB|2814343699840|31|1~NM1|QC|1|MCVAY|JOHN||||HN|454307513A~NM1|82|1||||||XX|1962447805~MOA|||MA01~DTM|050|20141209~SVC|HC^99309|104|68.25||1~DTM|472|20140626~CAS|CO|45|16.95||253|1.39~CAS|PR|2|17.41~REF|LU|31~REF|6R|1314066587Z1~AMT|B6|87.05~CLP|1-325|1|104|61.06|15.58|MB|2814343699980|31|1~NM1|QC|1|MCVAY|JOHN||||HN|454307513A~NM1|82|1||||||XX|1952303547~MOA|||MA01~DTM|050|20141209~SVC|HC^99309|104|61.06||1~DTM|472|20140702~CAS|CO|45|26.11||253|1.25~CAS|PR|2|15.58~REF|LU|31~REF|6R|1314131753Z1~AMT|B6|77.89~CLP|17-303|19|51|30.05|7.67|MB|2814343699790|31|1~NM1|QC|1|MITCHELL|RALPH|C|||HN|304328378A~NM1|82|1||||||XX|1952303547~NM1|TT|2|COLONIAL PENN LIFE INSURANCE CO|||||PI|30326~MOA|||MA01|MA18~DTM|050|20141209~SVC|HC^99307|51|30.05||1~DTM|472|20140626~CAS|CO|45|12.67||253|.61~CAS|PR|2|7.67~REF|LU|31~REF|6R|1314066581Z1~AMT|B6|38.33~CLP|64-297|19|104|61.06|15.58|MB|2814343699730|31|1~NM1|QC|1|OBENNOSKEY|WILLIAM|O|||HN|431609382A~NM1|82|1||||||XX|1952303547~NM1|TT|2|TX HEALTH & HUMAN SERVICES COMMI|||||PI|70051~MOA|||MA01|MA07~DTM|050|20141209~SVC|HC^99309|104|61.06||1~DTM|472|20140626~CAS|CO|45|26.11||253|1.25~CAS|PR|2|15.58~REF|LU|31~REF|6R|1314066575Z1~AMT|B6|77.89~CLP|115-299|19|51|30.05|7.67|MB|2814343699760|31|1~NM1|QC|1|ODIE|ESTERLEAN|H|||HN|427940263A~NM1|82|1||||||XX|1952303547~NM1|TT|2|TX HEALTH & HUMAN SERVICES COMMI|||||PI|70051~MOA|||MA01|MA07~DTM|050|20141209~SVC|HC^99307|51|30.05||1~DTM|472|20140626~CAS|CO|45|12.67||253|.61~CAS|PR|2|7.67~REF|LU|31~REF|6R|1314066578Z1~AMT|B6|38.33~CLP|115-326|19|104|61.06|15.58|MB|2814343699990|31|1~NM1|QC|1|ODIE|ESTERLEAN|H|||HN|427940263A~NM1|82|1||||||XX|1952303547~NM1|TT|2|TX HEALTH & HUMAN SERVICES COMMI|||||PI|70051~MOA|||MA01|MA07~DTM|050|20141209~SVC|HC^99309|104|61.06||1~DTM|472|20140702~CAS|CO|45|26.11||253|1.25~CAS|PR|2|15.58~REF|LU|31~REF|6R|1314131754Z1~AMT|B6|77.89~CLP|3-298|19|51|30.05|7.67|MB|2814343699740|31|1~NM1|QC|1|ROTHSTEIN|AGATHA|R|||HN|539267482D~NM1|82|1||||||XX|1952303547~NM1|TT|2|AETNA, INC.|||||PI|00060~MOA|||MA01|MA18~DTM|050|20141209~SVC|HC^99307|51|30.05||1~DTM|472|20140626~CAS|CO|45|12.67||253|.61~CAS|PR|2|7.67~REF|LU|31~REF|6R|1314066576Z1~AMT|B6|38.33~CLP|134-316|19|51|30.05|7.67|MB|2814343699890|31|1~NM1|QC|1|RUBIO|JANE||||HN|456449295B~NM1|82|1||||||XX|1952303547~NM1|TT|2|TX HEALTH & HUMAN SERVICES COMMI|||||PI|70051~MOA|||MA01|MA07~DTM|050|20141209~SVC|HC^99307|51|30.05||1~DTM|472|20140626~CAS|CO|45|12.67||253|.61~CAS|PR|2|7.67~REF|LU|31~REF|6R|1314066595Z1~AMT|B6|38.33~CLP|86-306|19|104|61.06|15.58|MB|2814343699810|31|1~NM1|QC|1|STAPLES|CARRIE|E|||HN|451762906A~NM1|82|1||||||XX|1952303547~NM1|TT|2|UNITEDHEALTH GROUP|||||PI|30002~MOA|||MA01|MA18~DTM|050|20141209~SVC|HC^99309|104|61.06||1~DTM|472|20140626~CAS|CO|45|26.11||253|1.25~CAS|PR|2|15.58~REF|LU|31~REF|6R|1314066584Z1~AMT|B6|77.89~CLP|175-311|19|104|61.06|15.58|MB|2814343699850|31|1~NM1|QC|1|TERRY|NELDA||||HN|417442734A~NM1|82|1||||||XX|1952303547~NM1|TT|2|WPS - TRICARE FOR LIFE|||||PI|60000~MOA|||MA01|MA18~DTM|050|20141209~SVC|HC^99309|104|61.06||1~DTM|472|20140626~CAS|CO|45|26.11||253|1.25~CAS|PR|2|15.58~REF|LU|31~REF|6R|1314066588Z1~AMT|B6|77.89~CLP|181-302|19|51|30.05|7.67|MB|2814343699780|31|1~NM1|QC|1|WILLIAMS|OSCAR|D|||HN|449343970A~NM1|82|1||||||XX|1952303547~NM1|TT|2|TX HEALTH & HUMAN SERVICES COMMI|||||PI|70051~MOA|||MA01|MA07~DTM|050|20141209~SVC|HC^99307|51|30.05||1~DTM|472|20140626~CAS|CO|45|12.67||253|.61~CAS|PR|2|7.67~REF|LU|31~REF|6R|1314066580Z1~AMT|B6|38.33~CLP|170-300|19|104|61.06|15.58|MB|2814343699750|31|1~NM1|QC|1|WOOD|MARY||||HN|311381182A~NM1|82|1||||||XX|1952303547~NM1|TT|2|TX HEALTH & HUMAN SERVICES COMMI|||||PI|70051~MOA|||MA01|MA07~DTM|050|20141209~SVC|HC^99309|104|61.06||1~DTM|472|20140626~CAS|CO|45|26.11||253|1.25~CAS|PR|2|15.58~REF|LU|31~REF|6R|1314066577Z1~AMT|B6|77.89~CLP|13-320|19|51|30.05|7.67|MB|2814343699940|31|1~NM1|QC|1|WREN|BILLIE|N|||HN|523465985A~NM1|82|1||||||XX|1952303547~NM1|TT|2|TX HEALTH & HUMAN SERVICES COMMI|||||PI|70051~MOA|||MA01|MA07~DTM|050|20141209~SVC|HC^99307|51|30.05||1~DTM|472|20140702~CAS|CO|45|12.67||253|.61~CAS|PR|2|7.67~REF|LU|31~REF|6R|1314131749Z1~AMT|B6|38.33~SE|377|0001~GE|1|374~IEA|1|000000379~