ISA|00|          |00|          |ZZ|ZIRMED         |29|E12705         |141203|0332|U|00401|000000150|0|P|^~GS|HP|ZIRMED|E12705|20141203|0332|150|X|004010X091A1~ST|835|0001~BPR|I|2643.62|C|ACH|CCP|01|081517693|DA|152302017594|1205296137||01|111000025|DA|488038453432|20141203~TRN|1|889082780|1205296137~REF|EV|E12705~DTM|405|20141202~N1|PR|NOVITAS SOLUTIONS, INC.~N3|PO BOX 3110~N4|MECHANICSBURG|PA|170551826~REF|2U|04412~PER|CX||TE|8552528782~N1|PE|DFW GERIATRICS PLLC|XX|1063835361~N3|2925 SKYWAY CIRCLE NORTH~N4|IRVING|TX|750383510~REF|TJ|464596718~LX|1~CLP|92-38|19|104|68.25|17.41|MB|2814323198100|32|1~NM1|QC|1|COLLINS|VELMA||||HN|449463498D~NM1|82|1||||||XX|1962447805~NM1|TT|2|TX HEALTH & HUMAN SERVICES COMMI|||||PI|70051~MOA|||MA01|MA07~DTM|050|20141119~SVC|HC^99309|104|68.25||1~DTM|472|20140819~CAS|CO|45|16.95||253|1.39~CAS|PR|2|17.41~REF|LU|32~REF|6R|1297445931Z1~AMT|B6|87.05~CLP|216-36|19|104|68.25|17.41|MB|2814323198070|32|1~NM1|QC|1|CRAWFORD|MARY||||HN|456448632D6~NM1|82|1||||||XX|1962447805~NM1|TT|2|TX HEALTH & HUMAN SERVICES COMMI|||||PI|70051~MOA|||MA01|MA07~DTM|050|20141119~SVC|HC^99309|104|68.25||1~DTM|472|20140819~CAS|CO|45|16.95||253|1.39~CAS|PR|2|17.41~REF|LU|32~REF|6R|1297445918Z1~AMT|B6|87.05~CLP|120-40|19|104|68.25|17.41|MB|2814323198120|31|1~NM1|QC|1|CROWDER|EVA||||HN|460445627A~NM1|82|1||||||XX|1962447805~NM1|TT|2|AETNA, INC.|||||PI|00060~MOA|||MA01|MA18~DTM|050|20141119~SVC|HC^99309|104|68.25||1~DTM|472|20140911~CAS|CO|45|16.95||253|1.39~CAS|PR|2|17.41~REF|LU|31~REF|6R|1297445945Z1~AMT|B6|87.05~CLP|99-56|19|120|78.09|19.92|MB|2814323198280|21|1~NM1|QC|1|DAVIS|KENNETH|W|||HN|453272992A~NM1|82|1||||||XX|1962447805~NM1|TT|2|TX HEALTH & HUMAN SERVICES COMMI|||||PI|70051~MOA|||MA01|MA07~DTM|050|20141119~SVC|HC^99233|120|78.09||1~DTM|472|20140630~CAS|CO|45|20.4||253|1.59~CAS|PR|2|19.92~REF|LU|21~REF|6R|1297511030Z1~AMT|B6|99.6~CLP|99-57|19|83|54.18|13.82|MB|2814323198290|21|1~NM1|QC|1|DAVIS|KENNETH|W|||HN|453272992A~NM1|82|1||||||XX|1962447805~NM1|TT|2|TX HEALTH & HUMAN SERVICES COMMI|||||PI|70051~MOA|||MA01|MA07~DTM|050|20141119~SVC|HC^99232|83|54.18||1~DTM|472|20140701~CAS|CO|45|13.89||253|1.11~CAS|PR|2|13.82~REF|LU|21~REF|6R|1297511049Z1~AMT|B6|69.11~CLP|99-58|19|83|54.18|13.82|MB|2814323198300|21|1~NM1|QC|1|DAVIS|KENNETH|W|||HN|453272992A~NM1|82|1||||||XX|1962447805~NM1|TT|2|TX HEALTH & HUMAN SERVICES COMMI|||||PI|70051~MOA|||MA01|MA07~DTM|050|20141119~SVC|HC^99232|83|54.18||1~DTM|472|20140702~CAS|CO|45|13.89||253|1.11~CAS|PR|2|13.82~REF|LU|21~REF|6R|1297512748Z1~AMT|B6|69.11~CLP|99-59|19|83|54.18|13.82|MB|2814323198310|21|1~NM1|QC|1|DAVIS|KENNETH|W|||HN|453272992A~NM1|82|1||||||XX|1962447805~NM1|TT|2|TX HEALTH & HUMAN SERVICES COMMI|||||PI|70051~MOA|||MA01|MA07~DTM|050|20141119~SVC|HC^99232|83|54.18||1~DTM|472|20140703~CAS|CO|45|13.89||253|1.11~CAS|PR|2|13.82~REF|LU|21~REF|6R|1297515500Z1~AMT|B6|69.11~CLP|99-60|19|120|78.09|19.92|MB|2814323198320|21|1~NM1|QC|1|DAVIS|KENNETH|W|||HN|453272992A~NM1|82|1||||||XX|1962447805~NM1|TT|2|TX HEALTH & HUMAN SERVICES COMMI|||||PI|70051~MOA|||MA01|MA07~DTM|050|20141119~SVC|HC^99233|120|78.09||1~DTM|472|20140704~CAS|CO|45|20.4||253|1.59~CAS|PR|2|19.92~REF|LU|21~REF|6R|1297515506Z1~AMT|B6|99.6~CLP|99-61|19|83|54.18|13.82|MB|2814323198330|21|1~NM1|QC|1|DAVIS|KENNETH|W|||HN|453272992A~NM1|82|1||||||XX|1962447805~NM1|TT|2|TX HEALTH & HUMAN SERVICES COMMI|||||PI|70051~MOA|||MA01|MA07~DTM|050|20141119~SVC|HC^99232|83|54.18||1~DTM|472|20140705~CAS|CO|45|13.89||253|1.11~CAS|PR|2|13.82~REF|LU|21~REF|6R|1297515510Z1~AMT|B6|69.11~CLP|99-62|19|83|54.18|13.82|MB|2814323198340|21|1~NM1|QC|1|DAVIS|KENNETH|W|||HN|453272992A~NM1|82|1||||||XX|1962447805~NM1|TT|2|TX HEALTH & HUMAN SERVICES COMMI|||||PI|70051~MOA|||MA01|MA07~DTM|050|20141119~SVC|HC^99232|83|54.18||1~DTM|472|20140706~CAS|CO|45|13.89||253|1.11~CAS|PR|2|13.82~REF|LU|21~REF|6R|1297515514Z1~AMT|B6|69.11~CLP|99-63|19|83|54.18|13.82|MB|2814323198350|21|1~NM1|QC|1|DAVIS|KENNETH|W|||HN|453272992A~NM1|82|1||||||XX|1962447805~NM1|TT|2|TX HEALTH & HUMAN SERVICES COMMI|||||PI|70051~MOA|||MA01|MA07~DTM|050|20141119~SVC|HC^99232|83|54.18||1~DTM|472|20140707~CAS|CO|45|13.89||253|1.11~CAS|PR|2|13.82~REF|LU|21~REF|6R|1297515802Z1~AMT|B6|69.11~CLP|99-64|19|120|78.09|19.92|MB|2814323198360|21|1~NM1|QC|1|DAVIS|KENNETH|W|||HN|453272992A~NM1|82|1||||||XX|1962447805~NM1|TT|2|TX HEALTH & HUMAN SERVICES COMMI|||||PI|70051~MOA|||MA01|MA07~DTM|050|20141119~SVC|HC^99233|120|78.09||1~DTM|472|20140708~CAS|CO|45|20.4||253|1.59~CAS|PR|2|19.92~REF|LU|21~REF|6R|1297515872Z1~AMT|B6|99.6~CLP|99-65|19|83|54.18|13.82|MB|2814323198370|21|1~NM1|QC|1|DAVIS|KENNETH|W|||HN|453272992A~NM1|82|1||||||XX|1962447805~NM1|TT|2|TX HEALTH & HUMAN SERVICES COMMI|||||PI|70051~MOA|||MA01|MA07~DTM|050|20141119~SVC|HC^99232|83|54.18||1~DTM|472|20140709~CAS|CO|45|13.89||253|1.11~CAS|PR|2|13.82~REF|LU|21~REF|6R|1297515879Z1~AMT|B6|69.11~CLP|99-66|19|83|54.18|13.82|MB|2814323198380|21|1~NM1|QC|1|DAVIS|KENNETH|W|||HN|453272992A~NM1|82|1||||||XX|1962447805~NM1|TT|2|TX HEALTH & HUMAN SERVICES COMMI|||||PI|70051~MOA|||MA01|MA07~DTM|050|20141119~SVC|HC^99232|83|54.18||1~DTM|472|20140710~CAS|CO|45|13.89||253|1.11~CAS|PR|2|13.82~REF|LU|21~REF|6R|1297515886Z1~AMT|B6|69.11~CLP|99-67|19|83|54.18|13.82|MB|2814323198390|21|1~NM1|QC|1|DAVIS|KENNETH|W|||HN|453272992A~NM1|82|1||||||XX|1962447805~NM1|TT|2|TX HEALTH & HUMAN SERVICES COMMI|||||PI|70051~MOA|||MA01|MA07~DTM|050|20141119~SVC|HC^99232|83|54.18||1~DTM|472|20140711~CAS|CO|45|13.89||253|1.11~CAS|PR|2|13.82~REF|LU|21~REF|6R|1297515900Z1~AMT|B6|69.11~CLP|99-68|19|83|54.18|13.82|MB|2814323198400|21|1~NM1|QC|1|DAVIS|KENNETH|W|||HN|453272992A~NM1|82|1||||||XX|1962447805~NM1|TT|2|TX HEALTH & HUMAN SERVICES COMMI|||||PI|70051~MOA|||MA01|MA07~DTM|050|20141119~SVC|HC^99232|83|54.18||1~DTM|472|20140712~CAS|CO|45|13.89||253|1.11~CAS|PR|2|13.82~REF|LU|21~REF|6R|1297515907Z1~AMT|B6|69.11~CLP|99-69|19|83|54.18|13.82|MB|2814323198410|21|1~NM1|QC|1|DAVIS|KENNETH|W|||HN|453272992A~NM1|82|1||||||XX|1962447805~NM1|TT|2|TX HEALTH & HUMAN SERVICES COMMI|||||PI|70051~MOA|||MA01|MA07~DTM|050|20141119~SVC|HC^99232|83|54.18||1~DTM|472|20140713~CAS|CO|45|13.89||253|1.11~CAS|PR|2|13.82~REF|LU|21~REF|6R|1297515923Z1~AMT|B6|69.11~CLP|99-70|19|83|54.18|13.82|MB|2814323198420|21|1~NM1|QC|1|DAVIS|KENNETH|W|||HN|453272992A~NM1|82|1||||||XX|1962447805~NM1|TT|2|TX HEALTH & HUMAN SERVICES COMMI|||||PI|70051~MOA|||MA01|MA07~DTM|050|20141119~SVC|HC^99232|83|54.18||1~DTM|472|20140714~CAS|CO|45|13.89||253|1.11~CAS|PR|2|13.82~REF|LU|21~REF|6R|1297515930Z1~AMT|B6|69.11~CLP|99-71|19|83|54.18|13.82|MB|2814323198430|21|1~NM1|QC|1|DAVIS|KENNETH|W|||HN|453272992A~NM1|82|1||||||XX|1962447805~NM1|TT|2|TX HEALTH & HUMAN SERVICES COMMI|||||PI|70051~MOA|||MA01|MA07~DTM|050|20141119~SVC|HC^99232|83|54.18||1~DTM|472|20140715~CAS|CO|45|13.89||253|1.11~CAS|PR|2|13.82~REF|LU|21~REF|6R|1297515950Z1~AMT|B6|69.11~CLP|99-72|19|123|80.52|20.54|MB|2814323198440|21|1~NM1|QC|1|DAVIS|KENNETH|W|||HN|453272992A~NM1|82|1||||||XX|1962447805~NM1|TT|2|TX HEALTH & HUMAN SERVICES COMMI|||||PI|70051~MOA|||MA01|MA07~DTM|050|20141119~SVC|HC^99239|123|80.52||1~DTM|472|20140716~CAS|CO|45|20.3||253|1.64~CAS|PR|2|20.54~REF|LU|21~REF|6R|1297516342Z1~AMT|B6|102.7~CLP|217-39|19|104|68.25|17.41|MB|2814323198110|32|1~NM1|QC|1|EVANS|MORIE|M|||HN|453197449A~NM1|82|1||||||XX|1962447805~NM1|TT|2|TX HEALTH & HUMAN SERVICES COMMI|||||PI|70051~MOA|||MA01|MA07~DTM|050|20141119~SVC|HC^99309|104|68.25||1~DTM|472|20140825~CAS|CO|45|16.95||253|1.39~CAS|PR|2|17.41~REF|LU|32~REF|6R|1297445933Z1~AMT|B6|87.05~CLP|87-37|19|104|68.25|17.41|MB|2814323198090|32|1~NM1|QC|1|GIPSON|CARRIE||||HN|457404502B~NM1|82|1||||||XX|1962447805~NM1|TT|2|TX HEALTH & HUMAN SERVICES COMMI|||||PI|70051~MOA|||MA01|MA07~DTM|050|20141119~SVC|HC^99309|104|68.25||1~DTM|472|20140819~CAS|CO|45|16.95||253|1.39~CAS|PR|2|17.41~REF|LU|32~REF|6R|1297445928Z1~AMT|B6|87.05~CLP|144-41|19|234|152.6|38.93|MB|2814323198130|21|1~NM1|QC|1|JONES|FRANCES|C|||HN|254282932D6~NM1|82|1||||||XX|1962447805~NM1|TT|2|UNITEDHEALTH GROUP|||||PI|30002~MOA|||MA01|MA18~DTM|050|20141119~SVC|HC^99223|234|152.6||1~DTM|472|20140716~CAS|CO|45|39.36||253|3.11~CAS|PR|2|38.93~REF|LU|21~REF|6R|1297507826Z1~AMT|B6|194.64~CLP|144-42|19|120|78.09|19.92|MB|2814323198140|21|1~NM1|QC|1|JONES|FRANCES|C|||HN|254282932D6~NM1|82|1||||||XX|1962447805~NM1|TT|2|UNITEDHEALTH GROUP|||||PI|30002~MOA|||MA01|MA18~DTM|050|20141119~SVC|HC^99233|120|78.09||1~DTM|472|20140717~CAS|CO|45|20.4||253|1.59~CAS|PR|2|19.92~REF|LU|21~REF|6R|1297508690Z1~AMT|B6|99.6~CLP|144-44|19|83|54.18|13.82|MB|2814323198150|21|1~NM1|QC|1|JONES|FRANCES|C|||HN|254282932D6~NM1|82|1||||||XX|1962447805~NM1|TT|2|UNITEDHEALTH GROUP|||||PI|30002~MOA|||MA01|MA18~DTM|050|20141119~SVC|HC^99232|83|54.18||1~DTM|472|20140719~CAS|CO|45|13.89||253|1.11~CAS|PR|2|13.82~REF|LU|21~REF|6R|1297509153Z1~AMT|B6|69.11~CLP|144-45|19|120|78.09|19.92|MB|2814323198160|21|1~NM1|QC|1|JONES|FRANCES|C|||HN|254282932D6~NM1|82|1||||||XX|1962447805~NM1|TT|2|UNITEDHEALTH GROUP|||||PI|30002~MOA|||MA01|MA18~DTM|050|20141119~SVC|HC^99233|120|78.09||1~DTM|472|20140720~CAS|CO|45|20.4||253|1.59~CAS|PR|2|19.92~REF|LU|21~REF|6R|1297509189Z1~AMT|B6|99.6~CLP|144-46|19|120|78.09|19.92|MB|2814323198170|21|1~NM1|QC|1|JONES|FRANCES|C|||HN|254282932D6~NM1|82|1||||||XX|1962447805~NM1|TT|2|UNITEDHEALTH GROUP|||||PI|30002~MOA|||MA01|MA18~DTM|050|20141119~SVC|HC^99233|120|78.09||1~DTM|472|20140808~CAS|CO|45|20.4||253|1.59~CAS|PR|2|19.92~REF|LU|21~REF|6R|1297509621Z1~AMT|B6|99.6~CLP|144-47|19|120|78.09|19.92|MB|2814323198180|21|1~NM1|QC|1|JONES|FRANCES|C|||HN|254282932D6~NM1|82|1||||||XX|1962447805~NM1|TT|2|UNITEDHEALTH GROUP|||||PI|30002~MOA|||MA01|MA18~DTM|050|20141119~SVC|HC^99233|120|78.09||1~DTM|472|20140809~CAS|CO|45|20.4||253|1.59~CAS|PR|2|19.92~REF|LU|21~REF|6R|1297509628Z1~AMT|B6|99.6~CLP|144-48|19|83|54.18|13.82|MB|2814323198190|21|1~NM1|QC|1|JONES|FRANCES|C|||HN|254282932D6~NM1|82|1||||||XX|1962447805~NM1|TT|2|UNITEDHEALTH GROUP|||||PI|30002~MOA|||MA01|MA18~DTM|050|20141119~SVC|HC^99232|83|54.18||1~DTM|472|20140810~CAS|CO|45|13.89||253|1.11~CAS|PR|2|13.82~REF|LU|21~REF|6R|1297509633Z1~AMT|B6|69.11~CLP|144-49|19|120|78.09|19.92|MB|2814323198200|21|1~NM1|QC|1|JONES|FRANCES|C|||HN|254282932D6~NM1|82|1||||||XX|1962447805~NM1|TT|2|UNITEDHEALTH GROUP|||||PI|30002~MOA|||MA01|MA18~DTM|050|20141119~SVC|HC^99233|120|78.09||1~DTM|472|20140811~CAS|CO|45|20.4||253|1.59~CAS|PR|2|19.92~REF|LU|21~REF|6R|1297509708Z1~AMT|B6|99.6~CLP|144-50|19|120|78.09|19.92|MB|2814323198210|21|1~NM1|QC|1|JONES|FRANCES|C|||HN|254282932D6~NM1|82|1||||||XX|1962447805~NM1|TT|2|UNITEDHEALTH GROUP|||||PI|30002~MOA|||MA01|MA18~DTM|050|20141119~SVC|HC^99233|120|78.09||1~DTM|472|20140812~CAS|CO|45|20.4||253|1.59~CAS|PR|2|19.92~REF|LU|21~REF|6R|1297509711Z1~AMT|B6|99.6~CLP|144-51|19|83|54.18|13.82|MB|2814323198220|21|1~NM1|QC|1|JONES|FRANCES|C|||HN|254282932D6~NM1|82|1||||||XX|1962447805~NM1|TT|2|UNITEDHEALTH GROUP|||||PI|30002~MOA|||MA01|MA18~DTM|050|20141119~SVC|HC^99232|83|54.18||1~DTM|472|20140813~CAS|CO|45|13.89||253|1.11~CAS|PR|2|13.82~REF|LU|21~REF|6R|1297510330Z1~AMT|B6|69.11~CLP|144-53|19|83|54.18|13.82|MB|2814323198230|21|1~NM1|QC|1|JONES|FRANCES|C|||HN|254282932D6~NM1|82|1||||||XX|1962447805~NM1|TT|2|UNITEDHEALTH GROUP|||||PI|30002~MOA|||MA01|MA18~DTM|050|20141119~SVC|HC^99232|83|54.18||1~DTM|472|20140815~CAS|CO|45|13.89||253|1.11~CAS|PR|2|13.82~REF|LU|21~REF|6R|1297510548Z1~AMT|B6|69.11~CLP|144-54|19|83|54.18|13.82|MB|2814323198240|21|1~NM1|QC|1|JONES|FRANCES|C|||HN|254282932D6~NM1|82|1||||||XX|1962447805~NM1|TT|2|UNITEDHEALTH GROUP|||||PI|30002~MOA|||MA01|MA18~DTM|050|20141119~SVC|HC^99232|83|54.18||1~DTM|472|20140816~CAS|CO|45|13.89||253|1.11~CAS|PR|2|13.82~REF|LU|21~REF|6R|1297510569Z1~AMT|B6|69.11~CLP|144-43|19|120|78.09|19.92|MB|2814323198250|21|1~NM1|QC|1|JONES|FRANCES|C|||HN|254282932D6~NM1|82|1||||||XX|1962447805~NM1|TT|2|UNITEDHEALTH GROUP|||||PI|30002~MOA|||MA01|MA18~DTM|050|20141119~SVC|HC^99233|120|78.09||1~DTM|472|20140718~CAS|CO|45|20.4||253|1.59~CAS|PR|2|19.92~REF|LU|21~REF|6R|1297510838Z1~AMT|B6|99.6~CLP|144-52|19|83|54.18|13.82|MB|2814323198260|21|1~NM1|QC|1|JONES|FRANCES|C|||HN|254282932D6~NM1|82|1||||||XX|1962447805~NM1|TT|2|UNITEDHEALTH GROUP|||||PI|30002~MOA|||MA01|MA18~DTM|050|20141119~SVC|HC^99232|83|54.18||1~DTM|472|20140814~CAS|CO|45|13.89||253|1.11~CAS|PR|2|13.82~REF|LU|21~REF|6R|1297510842Z1~AMT|B6|69.11~CLP|144-55|19|83|54.18|13.82|MB|2814323198270|21|1~NM1|QC|1|JONES|FRANCES|C|||HN|254282932D6~NM1|82|1||||||XX|1962447805~NM1|TT|2|UNITEDHEALTH GROUP|||||PI|30002~MOA|||MA01|MA18~DTM|050|20141119~SVC|HC^99232|83|54.18||1~DTM|472|20140817~CAS|CO|45|13.89||253|1.11~CAS|PR|2|13.82~REF|LU|21~REF|6R|1297511003Z1~AMT|B6|69.11~CLP|215-35|19|104|68.25|17.41|MB|2814323198080|32|1~NM1|QC|1|KING|LOUISE||||HN|452523415A~NM1|82|1||||||XX|1962447805~NM1|TT|2|TX HEALTH & HUMAN SERVICES COMMI|||||PI|70051~MOA|||MA01|MA07~DTM|050|20141119~SVC|HC^99309|104|68.25||1~DTM|472|20140819~CAS|CO|45|16.95||253|1.39~CAS|PR|2|17.41~REF|LU|32~REF|6R|1297445926Z1~AMT|B6|87.05~CLP|158-33|19|104|68.25|17.41|MB|2814323198050|32|1~NM1|QC|1|LUCKETT|MARY||||HN|523464493A~NM1|82|1||||||XX|1962447805~NM1|TT|2|TX HEALTH & HUMAN SERVICES COMMI|||||PI|70051~MOA|||MA01|MA07~DTM|050|20141119~SVC|HC^99309|104|68.25||1~DTM|472|20140819~CAS|CO|45|16.95||253|1.39~CAS|PR|2|17.41~REF|LU|32~REF|6R|1297445910Z1~AMT|B6|87.05~CLP|149-34|19|104|68.25|17.41|MB|2814323198060|32|1~NM1|QC|1|SMITH|KAREN||||HN|464080734A~NM1|82|1||||||XX|1962447805~NM1|TT|2|TX HEALTH & HUMAN SERVICES COMMI|||||PI|70051~MOA|||MA01|MA07~DTM|050|20141119~SVC|HC^99309|104|68.25||1~DTM|472|20140819~CAS|CO|45|16.95||253|1.39~CAS|PR|2|17.41~REF|LU|32~REF|6R|1297445912Z1~AMT|B6|87.05~SE|536|0001~GE|1|150~IEA|1|000000150~