ISA|00|          |00|          |ZZ|ZIRMED         |29|E12705         |141224|0406|U|00401|000000390|0|P|^~GS|HP|ZIRMED|E12705|20141224|0406|385|X|004010X091A1~ST|835|0001~BPR|H|0|C|NON||||||||||||20141224~TRN|1|458458248|1205296137~REF|EV|E12705~DTM|405|20141223~N1|PR|NOVITAS SOLUTIONS, INC.~N3|PO BOX 3110~N4|MECHANICSBURG|PA|170551826~REF|2U|04412~PER|CX||TE|8552528782~N1|PE|DFW GERIATRICS PLLC|XX|1063835361~N3|2925 SKYWAY CIRCLE NORTH~N4|IRVING|TX|750383510~REF|TJ|464596718~LX|1~CLP|254-1013|1|155|0||MB|2814356874610|31|1~NM1|QC|1|APPEL|DARVIN||||HN|446407960A~NM1|82|1||||||XX|1962447805~MOA|||MA01~DTM|050|20141222~SVC|HC^99310|155|0||||1~DTM|472|20141029~CAS|OA|18|155~REF|LU|31~REF|6R|1326084129Z1~LQ|HE|N522~CLP|7-918|1|53|0||MB|2914352073210|32|1~NM1|QC|1|BACCUS|MARILYN|D|||HN|466179221T~NM1|82|1||||||XX|1962447805~MOA|||MA01~DTM|050|20141218~SVC|HC^99212|53|0||||1~DTM|472|20141103~CAS|CO|58|53~REF|LU|32~REF|6R|1323766495Z1~CLP|257-978|1|104|0||MB|2814356875850|31|1~NM1|QC|1|BOOTH|BENNIE|B|||HN|458560309D~NM1|82|1||||||XX|1962447805~MOA|||MA01~DTM|050|20141222~SVC|HC^99309|104|0||||1~DTM|472|20140925~CAS|OA|18|104~REF|LU|31~REF|6R|1326085804Z1~LQ|HE|N522~CLP|256-973|4|84|0||MB|2814356873720|31|1~NM1|QC|1|JOAN|CURRRINGT||||HN|290268899D2~NM1|82|1||||||XX|1962447805~MOA|||MA130|MA61~DTM|050|20141222~SVC|HC^99315|84|0||||1~DTM|472|20141115~CAS|CO|140|84~REF|LU|31~REF|6R|1326083876Z1~LQ|HE|MA130~LQ|HE|MA61~CLP|256-1160|4|104|0||MB|2914356285690|31|1~NM1|QC|1|JOAN|CURRRINGT||||HN|290268899D2~NM1|82|1||||||XX|1962447805~MOA|||MA130|MA61~DTM|050|20141222~SVC|HC^99309|104|0||||1~DTM|472|20141111~CAS|CO|140|104~REF|LU|31~REF|6R|1326333728Z1~LQ|HE|MA130~LQ|HE|MA61~CLP|256-1161|4|104|0||MB|2914356285700|31|1~NM1|QC|1|JOAN|CURRRINGT||||HN|290268899D2~NM1|82|1||||||XX|1962447805~MOA|||MA130|MA61~DTM|050|20141222~SVC|HC^99309|104|0||||1~DTM|472|20141119~CAS|CO|140|104~REF|LU|31~REF|6R|1326333729Z1~LQ|HE|MA130~LQ|HE|MA61~CLP|256-1159|4|193|0||MB|2914356285890|31|1~NM1|QC|1|JOAN|CURRRINGT||||HN|290268899D2~NM1|82|1||||||XX|1962447805~MOA|||MA130|MA61~DTM|050|20141222~SVC|HC^99306|193|0||||1~DTM|472|20141030~CAS|CO|140|193~REF|LU|31~REF|6R|1326364611Z1~LQ|HE|MA130~LQ|HE|MA61~CLP|192-571|1|79|0||MB|2814356872990|31|1~NM1|QC|1|DAVIS|ANNIE|V|||HN|456224734A~NM1|82|1||||||XX|1952303547~MOA|||MA01~DTM|050|20141222~SVC|HC^99308|79|0||||1~DTM|472|20140818~CAS|OA|18|79~REF|LU|31~REF|6R|1325940094Z1~LQ|HE|N522~CLP|248-896|1|120|0||MB|2914352074000|21|1~NM1|QC|1|DOMINGUEZ|ESTEBAN||||HN|451689602A~NM1|82|1||||||XX|1962447805~MOA|||MA01~DTM|050|20141218~SVC|HC^99233|120|0||||1~DTM|472|20140808~CAS|CO|151|120~REF|LU|21~REF|6R|1323901598Z1~LQ|HE|N362~CLP|248-898|1|120|0||MB|2914352074020|21|1~NM1|QC|1|DOMINGUEZ|ESTEBAN||||HN|451689602A~NM1|82|1||||||XX|1962447805~MOA|||MA01~DTM|050|20141218~SVC|HC^99233|120|0||||1~DTM|472|20140810~CAS|CO|151|120~REF|LU|21~REF|6R|1323913473Z1~LQ|HE|N362~CLP|248-894|1|120|0||MB|2914352426580|21|1~NM1|QC|1|DOMINGUEZ|ESTEBAN||||HN|451689602A~NM1|82|1||||||XX|1962447805~MOA|||MA01~DTM|050|20141218~SVC|HC^99233|120|0||||1~DTM|472|20140807~CAS|CO|151|120~REF|LU|21~REF|6R|1323924139Z1~LQ|HE|N362~CLP|248-899|1|123|0||MB|2914352426590|21|1~NM1|QC|1|DOMINGUEZ|ESTEBAN||||HN|451689602A~NM1|82|1||||||XX|1962447805~MOA|||MA01~DTM|050|20141218~SVC|HC^99239|123|0||||1~DTM|472|20140811~CAS|CO|151|123~REF|LU|21~REF|6R|1323924141Z1~LQ|HE|N362~CLP|263-1079|4|104|0||MB|2814356874790|32|1~NM1|QC|1|ZIONA|HENDERSON||||HN|456103936A~NM1|82|1||||||XX|1962447805~MOA|||MA130|MA61~DTM|050|20141222~SVC|HC^99309|104|0||||1~DTM|472|20141020~CAS|CO|140|104~REF|LU|32~REF|6R|1326084138Z1~LQ|HE|MA130~LQ|HE|MA61~CLP|263-1115|4|104|0||MB|2814356877200|32|1~NM1|QC|1|ZIONA|HENDERSON||||HN|456103936A~NM1|82|1||||||XX|1962447805~MOA|||MA130|MA61~DTM|050|20141222~SVC|HC^99309|104|0||||1~DTM|472|20140721~CAS|CO|140|104~REF|LU|32~REF|6R|1326086246Z1~LQ|HE|MA130~LQ|HE|MA61~CLP|160-188|1|104|0||MB|2814356872230|31|1~NM1|QC|1|HILTON|MAECEIL||||HN|450608307A~NM1|82|1||||||XX|1962447805~MOA|||MA01~DTM|050|20141222~SVC|HC^99309|104|0||||1~DTM|472|20140825~CAS|OA|18|104~REF|LU|31~REF|6R|1325762262Z1~LQ|HE|N522~CLP|53-993|1|51|0||MB|2814356877580|32|1~NM1|QC|1|HOLLAND|TRUDY||||HN|465045111A~NM1|82|1||||||XX|1962447805~MOA|||MA01~DTM|050|20141222~SVC|HC^99307|51|0||||1~DTM|472|20140519~CAS|OA|18|51~REF|LU|32~REF|6R|1326086327Z1~LQ|HE|N522~CLP|9-651|1|51|0||MB|2814356872900|32|1~NM1|QC|1|KISER|BEN||||HN|456687960M~NM1|82|1||||||XX|1962447805~MOA|||MA01~DTM|050|20141222~SVC|HC^99307|51|0||||1~DTM|472|20140922~CAS|OA|18|51~REF|LU|32~REF|6R|1325932974Z1~LQ|HE|N522~CLP|9-945|1|51|0||MB|2814356877500|32|1~NM1|QC|1|KISER|BEN||||HN|456687960M~NM1|82|1||||||XX|1962447805~MOA|||MA01~DTM|050|20141222~SVC|HC^99307|51|0||||1~DTM|472|20140519~CAS|OA|18|51~REF|LU|32~REF|6R|1326086324Z1~LQ|HE|N522~CLP|158-995|1|51|0||MB|2814356877630|32|1~NM1|QC|1|LUCKETT|MARY||||HN|523464493A~NM1|82|1||||||XX|1962447805~MOA|||MA01~DTM|050|20141222~SVC|HC^99307|51|0||||1~DTM|472|20140519~CAS|OA|18|51~REF|LU|32~REF|6R|1326086329Z1~LQ|HE|N522~CLP|28-190|1|121|0||MB|2814356873210|31|1~NM1|QC|1|MILBURN|RUBY|L|||HN|456096649D~NM1|82|1||||||XX|1962447805~MOA|||MA01~DTM|050|20141222~SVC|HC^99316|121|0||||1~DTM|472|20140825~CAS|OA|18|121~REF|LU|31~REF|6R|1325976660Z1~LQ|HE|N522~CLP|28-570|1|104|0||MB|2814356873450|31|1~NM1|QC|1|MILBURN|RUBY|L|||HN|456096649D~NM1|82|1||||||XX|1952303547~MOA|||MA01~DTM|050|20141222~SVC|HC^99309|104|0||||1~DTM|472|20140818~CAS|OA|18|104~REF|LU|31~REF|6R|1325982888Z1~LQ|HE|N522~CLP|205-1059|4|104|0||MB|2814356877380|31|1~NM1|QC|1|PATRICIA|MOODY||||HN|451666921A~NM1|82|1||||||XX|1962447805~MOA|||MA130|MA61~DTM|050|20141222~SVC|HC^99309|104|0||||1~DTM|472|20140618~CAS|CO|140|104~REF|LU|31~REF|6R|1326086303Z1~LQ|HE|MA130~LQ|HE|MA61~CLP|205-1058|4|193|0||MB|2814356877410|31|1~NM1|QC|1|PATRICIA|MOODY||||HN|451666921A~NM1|82|1||||||XX|1962447805~MOA|||MA130|MA61~DTM|050|20141222~SVC|HC^99306|193|0||||1~DTM|472|20140610~CAS|CO|140|193~REF|LU|31~REF|6R|1326086304Z1~LQ|HE|MA130~LQ|HE|MA61~CLP|113-1006|1|51|0||MB|2814356874440|31|1~NM1|QC|1|MOORE|ERNEST|A|||HN|563407942A~NM1|82|1||||||XX|1962447805~MOA|||MA01~DTM|050|20141222~SVC|HC^99307|51|0||||1~DTM|472|20141026~CAS|OA|18|51~REF|LU|31~REF|6R|1326084073Z1~LQ|HE|N522~CLP|78-994|1|51|0||MB|2814356877610|32|1~NM1|QC|1|NELSON|HELEN|R|||HN|452520020M~NM1|82|1||||||XX|1962447805~MOA|||MA01~DTM|050|20141222~SVC|HC^99307|51|0||||1~DTM|472|20140519~CAS|OA|18|51~REF|LU|32~REF|6R|1326086328Z1~LQ|HE|N522~CLP|102-709|1|51|0||MB|2814356876300|32|1~NM1|QC|1|NEWELL|DIANE||||HN|428253521A~NM1|82|1||||||XX|1962447805~MOA|||MA01~DTM|050|20141222~SVC|HC^99307|51|0||||1~DTM|472|20140911~CAS|OA|18|51~REF|LU|32~REF|6R|1326086118Z1~LQ|HE|N522~CLP|18-944|1|51|0||MB|2814356877470|32|1~NM1|QC|1|PONCE|RAYMOND||||HN|562659571A~NM1|82|1||||||XX|1962447805~MOA|||MA01~DTM|050|20141222~SVC|HC^99307|51|0||||1~DTM|472|20140519~CAS|OA|18|51~REF|LU|32~REF|6R|1326086323Z1~LQ|HE|N522~CLP|230-1181|4|104|0||MB|2914356285770|31|1~NM1|QC|1|RICE|DOROTHY|W|||HN|449744206A~NM1|82|1||||||XX|1952303547~MOA|||MA130|MA61~DTM|050|20141222~SVC|HC^99309|104|0||||1~DTM|472|20141112~CAS|CO|140|104~REF|LU|31~REF|6R|1326348379Z1~LQ|HE|MA130~LQ|HE|MA61~CLP|230-1163|4|79|0||MB|2914356285900|32|1~NM1|QC|1|RICE|DOROTHY|W|||HN|449744206A~NM1|82|1||||||XX|1962447805~MOA|||MA130|MA61~DTM|050|20141222~SVC|HC^99308|79|0||||1~DTM|472|20141023~CAS|CO|140|79~REF|LU|32~REF|6R|1326364613Z1~LQ|HE|MA130~LQ|HE|MA61~CLP|230-1196|4|79|0||MB|2914356286050|31|1~NM1|QC|1|RICE|DOROTHY|W|||HN|449744206A~NM1|82|1||||||XX|1962447805~MOA|||MA130|MA61~DTM|050|20141222~SVC|HC^99308|79|0||||1~DTM|472|20141030~CAS|CO|140|79~REF|LU|31~REF|6R|1326367677Z1~LQ|HE|MA130~LQ|HE|MA61~CLP|19-996|1|51|0||MB|2814356877720|32|1~NM1|QC|1|RYLANDER|RICHARD||||HN|435661924A~NM1|82|1||||||XX|1962447805~MOA|||MA01~DTM|050|20141222~SVC|HC^99307|51|0||||1~DTM|472|20140519~CAS|OA|18|51~REF|LU|32~REF|6R|1326086334Z1~LQ|HE|N522~CLP|277-1184|4|234|0||MB|2914356285940|21|1~NM1|QC|1|IDALIAH|TURNEY||||HN|434307148A~NM1|82|1||||||XX|1962447805~MOA|||MA130|MA61~DTM|050|20141222~SVC|HC^99223|234|0||||1~DTM|472|20141010~CAS|CO|140|234~REF|LU|21~REF|6R|1326364617Z1~LQ|HE|MA130~LQ|HE|MA61~CLP|277-1185|4|120|0||MB|2914356285950|21|1~NM1|QC|1|IDALIAH|TURNEY||||HN|434307148A~NM1|82|1||||||XX|1962447805~MOA|||MA130|MA61~DTM|050|20141222~SVC|HC^99233|120|0||||1~DTM|472|20141011~CAS|CO|140|120~REF|LU|21~REF|6R|1326364618Z1~LQ|HE|MA130~LQ|HE|MA61~CLP|277-1186|4|226|0||MB|2914356285960|21|1~NM1|QC|1|IDALIAH|TURNEY||||HN|434307148A~NM1|82|1||||||XX|1962447805~MOA|||MA130|MA61~DTM|050|20141222~SVC|HC^99233^25|120|0||||1~DTM|472|20141012~CAS|CO|140|120~REF|LU|21~REF|6R|1326364619Z1~LQ|HE|MA130~LQ|HE|MA61~SVC|HC^99356|106|0||||1~DTM|472|20141012~CAS|CO|140|106~REF|LU|21~REF|6R|1326364619Z2~LQ|HE|MA130~LQ|HE|MA61~CLP|277-1187|4|120|0||MB|2914356285970|21|1~NM1|QC|1|IDALIAH|TURNEY||||HN|434307148A~NM1|82|1||||||XX|1962447805~MOA|||MA130|MA61~DTM|050|20141222~SVC|HC^99233|120|0||||1~DTM|472|20141013~CAS|CO|140|120~REF|LU|21~REF|6R|1326364620Z1~LQ|HE|MA130~LQ|HE|MA61~CLP|277-1188|4|83|0||MB|2914356285980|21|1~NM1|QC|1|IDALIAH|TURNEY||||HN|434307148A~NM1|82|1||||||XX|1962447805~MOA|||MA130|MA61~DTM|050|20141222~SVC|HC^99232|83|0||||1~DTM|472|20141014~CAS|CO|140|83~REF|LU|21~REF|6R|1326364621Z1~LQ|HE|MA130~LQ|HE|MA61~CLP|277-1189|4|120|0||MB|2914356285990|21|1~NM1|QC|1|IDALIAH|TURNEY||||HN|434307148A~NM1|82|1||||||XX|1962447805~MOA|||MA130|MA61~DTM|050|20141222~SVC|HC^99233|120|0||||1~DTM|472|20141015~CAS|CO|140|120~REF|LU|21~REF|6R|1326364622Z1~LQ|HE|MA130~LQ|HE|MA61~CLP|277-1191|4|189|0||MB|2914356286000|21|1~NM1|QC|1|IDALIAH|TURNEY||||HN|434307148A~NM1|82|1||||||XX|1962447805~MOA|||MA130|MA61~DTM|050|20141222~SVC|HC^99232^25|83|0||||1~DTM|472|20141017~CAS|CO|140|83~REF|LU|21~REF|6R|1326364623Z1~LQ|HE|MA130~LQ|HE|MA61~SVC|HC^99356|106|0||||1~DTM|472|20141017~CAS|CO|140|106~REF|LU|21~REF|6R|1326364623Z2~LQ|HE|MA130~LQ|HE|MA61~CLP|277-1190|4|83|0||MB|2914356286010|21|1~NM1|QC|1|IDALIAH|TURNEY||||HN|434307148A~NM1|82|1||||||XX|1962447805~MOA|||MA130|MA61~DTM|050|20141222~SVC|HC^99232|83|0||||1~DTM|472|20141016~CAS|CO|140|83~REF|LU|21~REF|6R|1326364624Z1~LQ|HE|MA130~LQ|HE|MA61~CLP|277-1192|4|123|0||MB|2914356286020|21|1~NM1|QC|1|IDALIAH|TURNEY||||HN|434307148A~NM1|82|1||||||XX|1962447805~MOA|||MA130|MA61~DTM|050|20141222~SVC|HC^99239|123|0||||1~DTM|472|20141018~CAS|CO|140|123~REF|LU|21~REF|6R|1326364625Z1~LQ|HE|MA130~LQ|HE|MA61~CLP|34-992|1|51|0||MB|2814356877560|32|1~NM1|QC|1|WOODARD|SEYMOUR||||HN|459749510A~NM1|82|1||||||XX|1962447805~MOA|||MA01~DTM|050|20141222~SVC|HC^99307|51|0||||1~DTM|472|20140519~CAS|OA|18|51~REF|LU|32~REF|6R|1326086326Z1~LQ|HE|N522~CLP|13-700|1|51|0||MB|2814356876340|31|1~NM1|QC|1|WREN|BILLIE|N|||HN|523465985A~NM1|82|1||||||XX|1962447805~MOA|||MA01~DTM|050|20141222~SVC|HC^99307|51|0||||1~DTM|472|20140902~CAS|OA|18|51~REF|LU|31~REF|6R|1326086119Z1~LQ|HE|N522~SE|511|0001~ST|835|0002~BPR|I|2431.73|C|ACH|CCP|01|081517693|DA|152302017594|1205296137||01|111000025|DA|488038453432|20141224~TRN|1|889212467|1205296137~REF|EV|E12705~DTM|405|20141223~N1|PR|NOVITAS SOLUTIONS, INC.~N3|PO BOX 3110~N4|MECHANICSBURG|PA|170551826~REF|2U|04412~PER|CX||TE|8552528782~N1|PE|DFW GERIATRICS PLLC|XX|1063835361~N3|2925 SKYWAY CIRCLE NORTH~N4|IRVING|TX|750383510~REF|TJ|464596718~LX|1~CLP|8-350|19|104|61.06|15.58|MB|2814344853190|31|1~NM1|QC|1|BAREFIELD|EVELYN||||HN|459193092A~NM1|82|1||||||XX|1952303547~NM1|TT|2|TX HEALTH & HUMAN SERVICES COMMI|||||PI|70051~MOA|||MA01|MA07~DTM|050|20141210~SVC|HC^99309|104|61.06||1~DTM|472|20140703~CAS|CO|45|26.11||253|1.25~CAS|PR|2|15.58~REF|LU|31~REF|6R|1315280641Z1~AMT|B6|77.89~CLP|119-332|19|51|30.05|7.67|MB|2814344853020|31|1~NM1|QC|1|BUNNELL|EVA|L|||HN|450201772D~NM1|82|1||||||XX|1952303547~NM1|TT|2|TX HEALTH & HUMAN SERVICES COMMI|||||PI|70051~MOA|||MA01|MA07~DTM|050|20141210~SVC|HC^99307|51|30.05||1~DTM|472|20140707~CAS|CO|45|12.67||253|.61~CAS|PR|2|7.67~REF|LU|31~REF|6R|1315247600Z1~AMT|B6|38.33~CLP|117-331|19|104|61.06|15.58|MB|2814344853010|31|1~NM1|QC|1|CHANCE|EUGENIA||||HN|466209252D~NM1|82|1||||||XX|1952303547~NM1|TT|2|TX HEALTH & HUMAN SERVICES COMMI|||||PI|70051~MOA|||MA01|MA07~DTM|050|20141210~SVC|HC^99309|104|61.06||1~DTM|472|20140707~CAS|CO|45|26.11||253|1.25~CAS|PR|2|15.58~REF|LU|31~REF|6R|1315247599Z1~AMT|B6|77.89~CLP|12-375|19|104|61.06|15.58|MB|2814344853390|31|1~NM1|QC|1|DIGGLES|BERNICE||||HN|452922584A~NM1|82|1||||||XX|1952303547~NM1|TT|2|TX HEALTH & HUMAN SERVICES COMMI|||||PI|70051~MOA|||MA01|MA07~DTM|050|20141210~SVC|HC^99309|104|61.06||1~DTM|472|20140714~CAS|CO|45|26.11||253|1.25~CAS|PR|2|15.58~REF|LU|31~REF|6R|1315304502Z1~AMT|B6|77.89~CLP|164-338|19|51|30.05|7.67|MB|2814344853070|31|1~NM1|QC|1|DOMINGUEZ|MARIA||||HN|456542337A~NM1|82|1||||||XX|1952303547~NM1|TT|2|TX HEALTH & HUMAN SERVICES COMMI|||||PI|70051~MOA|||MA01|MA07~DTM|050|20141210~SVC|HC^99307|51|30.05||1~DTM|472|20140707~CAS|CO|45|12.67||253|.61~CAS|PR|2|7.67~REF|LU|31~REF|6R|1315264180Z1~AMT|B6|38.33~CLP|182-336|19|51|30.05|7.67|MB|2814344853060|31|1~NM1|QC|1|EDWARDS|PATSY|R|||HN|455501964A~NM1|82|1||||||XX|1952303547~NM1|TT|2|NORTH AMERICAN INSURANCE COMPANY|||||PI|30155~MOA|||MA01|MA18~DTM|050|20141210~SVC|HC^99307|51|30.05||1~DTM|472|20140707~CAS|CO|45|12.67||253|.61~CAS|PR|2|7.67~REF|LU|31~REF|6R|1315264177Z1~AMT|B6|38.33~CLP|182-366|19|222|129.81|33.11|MB|2814344853330|33|1~NM1|QC|1|EDWARDS|PATSY|R|||HN|455501964A~NM1|82|1||||||XX|1952303547~NM1|TT|2|NORTH AMERICAN INSURANCE COMPANY|||||PI|30155~MOA|||MA01|MA18~DTM|050|20141210~SVC|HC^99337|222|129.81||1~DTM|472|20140714~CAS|CO|45|56.43||253|2.65~CAS|PR|2|33.11~REF|LU|33~REF|6R|1315289006Z1~AMT|B6|165.57~CLP|108-340|19|51|30.05|7.67|MB|2814344853100|31|1~NM1|QC|1|EGBUNIWE|GEORGE|I|||HN|456154959A~NM1|82|1||||||XX|1952303547~NM1|TT|2|TX HEALTH & HUMAN SERVICES COMMI|||||PI|70051~MOA|||MA01|MA07~DTM|050|20141210~SVC|HC^99307|51|30.05||1~DTM|472|20140703~CAS|CO|45|12.67||253|.61~CAS|PR|2|7.67~REF|LU|31~REF|6R|1315272183Z1~AMT|B6|38.33~CLP|61-334|19|51|30.05|7.67|MB|2814344853030|31|1~NM1|QC|1|GEER|VIRGINIA|L|||HN|449448951D~NM1|82|1||||||XX|1952303547~NM1|TT|2|SIERRA HEALTH & LIFE INSURANCE C|||||PI|30096~MOA|||MA01|MA18~DTM|050|20141210~SVC|HC^99307|51|30.05||1~DTM|472|20140707~CAS|CO|45|12.67||253|.61~CAS|PR|2|7.67~REF|LU|31~REF|6R|1315264171Z1~AMT|B6|38.33~CLP|73-348|19|155|90.82|23.17|MB|2814344853180|31|1~NM1|QC|1|HAILEY|JANNIE||||HN|450869169A~NM1|82|1||||||XX|1952303547~NM1|TT|2|TX HEALTH & HUMAN SERVICES COMMI|||||PI|70051~MOA|||MA01|MA07~DTM|050|20141210~SVC|HC^99310|155|90.82||1~DTM|472|20140703~CAS|CO|45|39.16||253|1.85~CAS|PR|2|23.17~REF|LU|31~REF|6R|1315280640Z1~AMT|B6|115.84~CLP|219-258|19|104|61.06|15.58|MB|2814344852980|31|1~NM1|QC|1|HOOVER|MINNIE|B|||HN|465549405M~NM1|82|1||||||XX|1952303547~NM1|TT|2|TX HEALTH & HUMAN SERVICES COMMI|||||PI|70051~MOA|||MA01|MA07~DTM|050|20141210~SVC|HC^99309|104|61.06||1~DTM|472|20140624~CAS|CO|45|26.11||253|1.25~CAS|PR|2|15.58~REF|LU|31~REF|6R|1315247595Z1~AMT|B6|77.89~CLP|171-372|19|222|129.81|33.11|MB|2814344853360|33|1~NM1|QC|1|HUYNH|MAU|T|||HN|640241790A~NM1|82|1||||||XX|1952303547~NM1|TT|2|TX HEALTH & HUMAN SERVICES COMMI|||||PI|70051~MOA|||MA01|MA07~DTM|050|20141210~SVC|HC^99337|222|129.81||1~DTM|472|20140714~CAS|CO|45|56.43||253|2.65~CAS|PR|2|33.11~REF|LU|33~REF|6R|1315304499Z1~AMT|B6|165.57~CLP|144-373|19|104|61.06|15.58|MB|2814344853370|31|1~NM1|QC|1|JONES|FRANCES|C|||HN|254282932D6~NM1|82|1||||||XX|1952303547~NM1|TT|2|UNITEDHEALTH GROUP|||||PI|30002~MOA|||MA01|MA18~DTM|050|20141210~SVC|HC^99309|104|61.06||1~DTM|472|20140714~CAS|CO|45|26.11||253|1.25~CAS|PR|2|15.58~REF|LU|31~REF|6R|1315304500Z1~AMT|B6|77.89~CLP|59-371|19|104|61.06|15.58|MB|2814344853450|31|1~NM1|QC|1|KEILSON|GERALD|R|||HN|462301721A~NM1|82|1||||||XX|1952303547~NM1|TT|2|AMA INSURANCE AGENCY, INC.|||||PI|30150~MOA|||MA01|MA18~DTM|050|20141210~SVC|HC^99309|104|61.06||1~DTM|472|20140714~CAS|CO|45|26.11||253|1.25~CAS|PR|2|15.58~REF|LU|31~REF|6R|1315305360Z1~AMT|B6|77.89~CLP|153-357|19|104|61.06|15.58|MB|2814344853230|31|1~NM1|QC|1|KNIGHT|RENNIE||||HN|453423885A~NM1|82|1||||||XX|1952303547~NM1|TT|2|TX HEALTH & HUMAN SERVICES COMMI|||||PI|70051~MOA|||MA01|MA07~DTM|050|20141210~SVC|HC^99309|104|61.06||1~DTM|472|20140709~CAS|CO|45|26.11||253|1.25~CAS|PR|2|15.58~REF|LU|31~REF|6R|1315280646Z1~AMT|B6|77.89~CLP|161-349|19|104|61.06|15.58|MB|2814344853170|31|1~NM1|QC|1|MALAKY|SOGHRA||||HN|457417307A~NM1|82|1||||||XX|1952303547~NM1|TT|2|TX HEALTH & HUMAN SERVICES COMMI|||||PI|70051~MOA|||MA01|MA07~DTM|050|20141210~SVC|HC^99309|104|61.06||1~DTM|472|20140703~CAS|CO|45|26.11||253|1.25~CAS|PR|2|15.58~REF|LU|31~REF|6R|1315280639Z1~AMT|B6|77.89~CLP|161-382|19|104|61.06|15.58|MB|2814344853440|31|1~NM1|QC|1|MALAKY|SOGHRA||||HN|457417307A~NM1|82|1||||||XX|1952303547~NM1|TT|2|TX HEALTH & HUMAN SERVICES COMMI|||||PI|70051~MOA|||MA01|MA07~DTM|050|20141210~SVC|HC^99309|104|61.06||1~DTM|472|20140710~CAS|CO|45|26.11||253|1.25~CAS|PR|2|15.58~REF|LU|31~REF|6R|1315304507Z1~AMT|B6|77.89~CLP|125-363|19|155|90.82|23.17|MB|2814344853300|31|1~NM1|QC|1|MAYKUS|FRANK|J|||HN|465480358A~NM1|82|1||||||XX|1952303547~NM1|TT|2|AMERICAN CONTINENTAL INSU.|||||PI|30074~MOA|||MA01|MA18~DTM|050|20141210~SVC|HC^99310|155|90.82||1~DTM|472|20140714~CAS|CO|45|39.16||253|1.85~CAS|PR|2|23.17~REF|LU|31~REF|6R|1315289003Z1~AMT|B6|115.84~CLP|204-330|19|155|90.82|23.17|MB|2814344853000|31|1~NM1|QC|1|MCCLURG|MARY|A|||HN|453329543A~NM1|82|1||||||XX|1952303547~NM1|TT|2|HCSC-BCBS OF TX-FEP B ONLY|||||PI|80012~MOA|||MA01|MA18~DTM|050|20141210~SVC|HC^99310|155|90.82||1~DTM|472|20140707~CAS|CO|45|39.16||253|1.85~CAS|PR|2|23.17~REF|LU|31~REF|6R|1315247598Z1~AMT|B6|115.84~CLP|17-376|19|104|61.06|15.58|MB|2814344853400|31|1~NM1|QC|1|MITCHELL|RALPH|C|||HN|304328378A~NM1|82|1||||||XX|1952303547~NM1|TT|2|COLONIAL PENN LIFE INSURANCE CO|||||PI|30326~MOA|||MA01|MA18~DTM|050|20141210~SVC|HC^99309|104|61.06||1~DTM|472|20140714~CAS|CO|45|26.11||253|1.25~CAS|PR|2|15.58~REF|LU|31~REF|6R|1315304503Z1~AMT|B6|77.89~CLP|113-360|19|155|90.82|23.17|MB|2814344853280|31|1~NM1|QC|1|MOORE|ERNEST|A|||HN|563407942A~NM1|82|1||||||XX|1952303547~NM1|TT|2|AETNA, INC.|||||PI|00060~MOA|||MA01|MA18~DTM|050|20141210~SVC|HC^99310|155|90.82||1~DTM|472|20140709~CAS|CO|45|39.16||253|1.85~CAS|PR|2|23.17~REF|LU|31~REF|6R|1315289001Z1~AMT|B6|115.84~CLP|113-368|19|51|30.05|7.67|MB|2814344853350|31|1~NM1|QC|1|MOORE|ERNEST|A|||HN|563407942A~NM1|82|1||||||XX|1952303547~NM1|TT|2|AETNA, INC.|||||PI|00060~MOA|||MA01|MA18~DTM|050|20141210~SVC|HC^99307|51|30.05||1~DTM|472|20140714~CAS|CO|45|12.67||253|.61~CAS|PR|2|7.67~REF|LU|31~REF|6R|1315289008Z1~AMT|B6|38.33~CLP|115-374|19|104|61.06|15.58|MB|2814344853380|31|1~NM1|QC|1|ODIE|ESTERLEAN|H|||HN|427940263A~NM1|82|1||||||XX|1952303547~NM1|TT|2|TX HEALTH & HUMAN SERVICES COMMI|||||PI|70051~MOA|||MA01|MA07~DTM|050|20141210~SVC|HC^99309|104|61.06||1~DTM|472|20140714~CAS|CO|45|26.11||253|1.25~CAS|PR|2|15.58~REF|LU|31~REF|6R|1315304501Z1~AMT|B6|77.89~CLP|186-355|19|104|61.06|15.58|MB|2814344853210|31|1~NM1|QC|1|PITMAN|JERRY|R|||HN|452401970A~NM1|82|1||||||XX|1952303547~NM1|TT|2|TX HEALTH & HUMAN SERVICES COMMI|||||PI|70051~MOA|||MA01|MA07~DTM|050|20141210~SVC|HC^99309|104|61.06||1~DTM|472|20140709~CAS|CO|45|26.11||253|1.25~CAS|PR|2|15.58~REF|LU|31~REF|6R|1315280644Z1~AMT|B6|77.89~CLP|26-346|19|79|46.35|11.82|MB|2814344853140|31|1~NM1|QC|1|ROWDEN|LESLIE||||HN|466689188C1~NM1|82|1||||||XX|1952303547~NM1|TT|2|TX HEALTH & HUMAN SERVICES COMMI|||||PI|70051~MOA|||MA01|MA07~DTM|050|20141210~SVC|HC^99308|79|46.35||1~DTM|472|20140703~CAS|CO|45|19.88||253|.95~CAS|PR|2|11.82~REF|LU|31~REF|6R|1315272211Z1~AMT|B6|59.12~CLP|26-380|19|51|30.05|7.67|MB|2814344853420|31|1~NM1|QC|1|ROWDEN|LESLIE||||HN|466689188C1~NM1|82|1||||||XX|1952303547~NM1|TT|2|TX HEALTH & HUMAN SERVICES COMMI|||||PI|70051~MOA|||MA01|MA07~DTM|050|20141210~SVC|HC^99307|51|30.05||1~DTM|472|20140710~CAS|CO|45|12.67||253|.61~CAS|PR|2|7.67~REF|LU|31~REF|6R|1315304505Z1~AMT|B6|38.33~CLP|134-335|19|51|30.05|7.67|MB|2814344853040|31|1~NM1|QC|1|RUBIO|JANE||||HN|456449295B~NM1|82|1||||||XX|1952303547~NM1|TT|2|TX HEALTH & HUMAN SERVICES COMMI|||||PI|70051~MOA|||MA01|MA07~DTM|050|20141210~SVC|HC^99307|51|30.05||1~DTM|472|20140707~CAS|CO|45|12.67||253|.61~CAS|PR|2|7.67~REF|LU|31~REF|6R|1315264172Z1~AMT|B6|38.33~CLP|23-365|19|155|90.82|23.17|MB|2814344853320|31|1~NM1|QC|1|RUBIO|ROBERT||||HN|456449295A~NM1|82|1||||||XX|1952303547~NM1|TT|2|TX HEALTH & HUMAN SERVICES COMMI|||||PI|70051~MOA|||MA01|MA07~DTM|050|20141210~SVC|HC^99310|155|90.82||1~DTM|472|20140714~CAS|CO|45|39.16||253|1.85~CAS|PR|2|23.17~REF|LU|31~REF|6R|1315289005Z1~AMT|B6|115.84~CLP|32-356|19|104|61.06|15.58|MB|2814344853220|31|1~NM1|QC|1|SALONIMER|SUKEE||||HN|336603605A~NM1|82|1||||||XX|1952303547~NM1|TT|2|TX HEALTH & HUMAN SERVICES COMMI|||||PI|70051~MOA|||MA01|MA07~DTM|050|20141210~SVC|HC^99309|104|61.06||1~DTM|472|20140709~CAS|CO|45|26.11||253|1.25~CAS|PR|2|15.58~REF|LU|31~REF|6R|1315280645Z1~AMT|B6|77.89~CLP|65-359|19|104|61.06|15.58|MB|2814344853260|31|1~NM1|QC|1|SHIFLET|WILLIE|R|||HN|453303119A~NM1|82|1||||||XX|1952303547~NM1|TT|2|OLYMPIC HEALTH MANAGEMENT SYSTEM|||||PI|30335~MOA|||MA01|MA18~DTM|050|20141210~SVC|HC^99309|104|61.06||1~DTM|472|20140709~CAS|CO|45|26.11||253|1.25~CAS|PR|2|15.58~REF|LU|31~REF|6R|1315288999Z1~AMT|B6|77.89~CLP|43-344|19|51|30.05|7.67|MB|2814344853150|31|1~NM1|QC|1|SPINNER|HERBERT||||HN|578701093A~NM1|82|1||||||XX|1952303547~NM1|TT|2|TX HEALTH & HUMAN SERVICES COMMI|||||PI|70051~MOA|||MA01|MA07~DTM|050|20141210~SVC|HC^99307|51|30.05||1~DTM|472|20140703~CAS|CO|45|12.67||253|.61~CAS|PR|2|7.67~REF|LU|31~REF|6R|1315275629Z1~AMT|B6|38.33~CLP|175-358|19|104|61.06|15.58|MB|2814344853240|31|1~NM1|QC|1|TERRY|NELDA||||HN|417442734A~NM1|82|1||||||XX|1952303547~NM1|TT|2|WPS - TRICARE FOR LIFE|||||PI|60000~MOA|||MA01|MA18~DTM|050|20141210~SVC|HC^99309|104|61.06||1~DTM|472|20140709~CAS|CO|45|26.11||253|1.25~CAS|PR|2|15.58~REF|LU|31~REF|6R|1315280647Z1~AMT|B6|77.89~CLP|49-345|19|51|30.05|7.67|MB|2814344853130|31|1~NM1|QC|1|THOMPSON|DENNIS||||HN|461115723A~NM1|82|1||||||XX|1952303547~NM1|TT|2|TX HEALTH & HUMAN SERVICES COMMI|||||PI|70051~MOA|||MA01|MA07~DTM|050|20141210~SVC|HC^99307|51|30.05||1~DTM|472|20140703~CAS|CO|45|12.67||253|.61~CAS|PR|2|7.67~REF|LU|31~REF|6R|1315272208Z1~AMT|B6|38.33~CLP|49-378|19|51|30.05|7.67|MB|2814344853430|31|1~NM1|QC|1|THOMPSON|DENNIS||||HN|461115723A~NM1|82|1||||||XX|1952303547~NM1|TT|2|TX HEALTH & HUMAN SERVICES COMMI|||||PI|70051~MOA|||MA01|MA07~DTM|050|20141210~SVC|HC^99307|51|30.05||1~DTM|472|20140710~CAS|CO|45|12.67||253|.61~CAS|PR|2|7.67~REF|LU|31~REF|6R|1315304506Z1~AMT|B6|38.33~CLP|105-362|19|104|61.06|15.58|MB|2814344853290|31|1~NM1|QC|1|THOMPSON|DORIS|W|||HN|466443779A~NM1|82|1||||||XX|1952303547~NM1|TT|2|CHCS SERVICES INC|||||PI|80255~MOA|||MA01|MA18~DTM|050|20141210~SVC|HC^99309|104|61.06||1~DTM|472|20140709~CAS|CO|45|26.11||253|1.25~CAS|PR|2|15.58~REF|LU|31~REF|6R|1315289002Z1~AMT|B6|77.89~CLP|105-364|19|104|61.06|15.58|MB|2814344853310|31|1~NM1|QC|1|THOMPSON|DORIS|W|||HN|466443779A~NM1|82|1||||||XX|1952303547~NM1|TT|2|CHCS SERVICES INC|||||PI|80255~MOA|||MA01|MA18~DTM|050|20141210~SVC|HC^99309|104|61.06||1~DTM|472|20140714~CAS|CO|45|26.11||253|1.25~CAS|PR|2|15.58~REF|LU|31~REF|6R|1315289004Z1~AMT|B6|77.89~CLP|202-322|19|51|30.05|7.67|MB|2814344852990|31|1~NM1|QC|1|TRAINHAM|KENNETH|E|||HN|458546669A~NM1|82|1||||||XX|1952303547~NM1|TT|2|AETNA, INC.|||||PI|00060~MOA|||MA01|MA18~DTM|050|20141210~SVC|HC^99307|51|30.05||1~DTM|472|20140702~CAS|CO|45|12.67||253|.61~CAS|PR|2|7.67~REF|LU|31~REF|6R|1315247597Z1~AMT|B6|38.33~CLP|202-337|19|104|61.06|15.58|MB|2814344853050|31|1~NM1|QC|1|TRAINHAM|KENNETH|E|||HN|458546669A~NM1|82|1||||||XX|1952303547~NM1|TT|2|AETNA, INC.|||||PI|00060~MOA|||MA01|MA18~DTM|050|20141210~SVC|HC^99309|104|61.06||1~DTM|472|20140707~CAS|CO|45|26.11||253|1.25~CAS|PR|2|15.58~REF|LU|31~REF|6R|1315264176Z1~AMT|B6|77.89~CLP|184-367|19|51|30.05|7.67|MB|2814344853340|31|1~NM1|QC|1|WARREN|PAULINE||||HN|460100892D~NM1|82|1||||||XX|1952303547~NM1|TT|2|TX HEALTH & HUMAN SERVICES COMMI|||||PI|70051~MOA|||MA01|MA07~DTM|050|20141210~SVC|HC^99307|51|30.05||1~DTM|472|20140714~CAS|CO|45|12.67||253|.61~CAS|PR|2|7.67~REF|LU|31~REF|6R|1315289007Z1~AMT|B6|38.33~CLP|118-361|19|155|90.82|23.17|MB|2814344853270|31|1~NM1|QC|1|WILSON|EUNICE|C|||HN|501261218A~NM1|82|1||||||XX|1952303547~NM1|TT|2|TX HEALTH & HUMAN SERVICES COMMI|||||PI|70051~MOA|||MA01|MA07~DTM|050|20141210~SVC|HC^99310|155|90.82||1~DTM|472|20140709~CAS|CO|45|39.16||253|1.85~CAS|PR|2|23.17~REF|LU|31~REF|6R|1315289000Z1~AMT|B6|115.84~CLP|118-377|19|104|61.06|15.58|MB|2814344853410|31|1~NM1|QC|1|WILSON|EUNICE|C|||HN|501261218A~NM1|82|1||||||XX|1952303547~NM1|TT|2|TX HEALTH & HUMAN SERVICES COMMI|||||PI|70051~MOA|||MA01|MA07~DTM|050|20141210~SVC|HC^99309|104|61.06||1~DTM|472|20140714~CAS|CO|45|26.11||253|1.25~CAS|PR|2|15.58~REF|LU|31~REF|6R|1315304504Z1~AMT|B6|77.89~CLP|68-343|19|51|30.05|7.67|MB|2814344853120|31|1~NM1|QC|1|YOUNG|AUDREY||||HN|449683350A~NM1|82|1||||||XX|1952303547~NM1|TT|2|UNITEDHEALTH GROUP|||||PI|30002~MOA|||MA01|MA18~DTM|050|20141210~SVC|HC^99307|51|30.05||1~DTM|472|20140703~CAS|CO|45|12.67||253|.61~CAS|PR|2|7.67~REF|LU|31~REF|6R|1315272198Z1~AMT|B6|38.33~SE|562|0002~GE|2|385~IEA|1|000000390~