ISA|00|          |00|          |ZZ|ZIRMED         |29|E12705         |141219|0553|U|00401|000000334|0|P|^~GS|HP|ZIRMED|E12705|20141219|0553|329|X|004010X091A1~ST|835|0001~BPR|H|0|C|NON||||||||||||20141219~TRN|1|458440465|1205296137~REF|EV|E12705~DTM|405|20141218~N1|PR|NOVITAS SOLUTIONS, INC.~N3|PO BOX 3110~N4|MECHANICSBURG|PA|170551826~REF|2U|04412~PER|CX||TE|8552528782~N1|PE|DFW GERIATRICS PLLC|XX|1063835361~N3|2925 SKYWAY CIRCLE NORTH~N4|IRVING|TX|750383510~REF|TJ|464596718~LX|1~CLP|210-520|4|155|0||MB|2814351325530|31|1~NM1|QC|1|TERRY|GILLENTIN|W|||HN|453820909T~NM1|82|1||||||XX|1952303547~MOA|||MA130|MA61~DTM|050|20141217~SVC|HC^99310|155|0||||1~DTM|472|20140813~CAS|CO|140|155~REF|LU|31~REF|6R|1321923235Z1~LQ|HE|MA130~LQ|HE|MA61~CLP|78-129|1|51|0||MB|2814338651670|32|1~NM1|QC|1|NELSON|HELEN|R|||HN|452520020M~NM1|82|1||||||XX|1962447805~MOA|||MA01~DTM|050|20141204~SVC|HC^99307|51|0||||1~DTM|472|20140630~CAS|CO|B9|51~REF|LU|32~REF|6R|1311002565Z1~LQ|HE|N90~CLP|78-201|1|104|0||MB|2814339221130|32|1~NM1|QC|1|NELSON|HELEN|R|||HN|452520020M~NM1|82|1||||||XX|1962447805~MOA|||MA01~DTM|050|20141205~SVC|HC^99309|104|0||||1~DTM|472|20140728~CAS|CO|B9|104~REF|LU|32~REF|6R|1311706331Z1~LQ|HE|N90~CLP|225-757|4|104|0||MB|2814351326120|32|1~NM1|QC|1|GONZALO|RODRIGUEZ||||HN|463284009A~NM1|82|1||||||XX|1962447805~MOA|||MA130|MA61~DTM|050|20141217~SVC|HC^99309|104|0||||1~DTM|472|20140826~CAS|CO|140|104~REF|LU|32~REF|6R|1321942645Z1~LQ|HE|MA130~LQ|HE|MA61~CLP|48-200|1|104|0||MB|2814339221120|32|1~NM1|QC|1|THOMAS|RUTH||||HN|454364381M~NM1|82|1||||||XX|1962447805~MOA|||MA01~DTM|050|20141205~SVC|HC^99309|104|0||||1~DTM|472|20140728~CAS|CO|B9|104~REF|LU|32~REF|6R|1311706330Z1~LQ|HE|N90~CLP|6-132|1|79|0||MB|2814338652150|32|1~NM1|QC|1|THORNTON|ARWILDER||||HN|457072991C1~NM1|82|1||||||XX|1962447805~MOA|||MA01~DTM|050|20141204~SVC|HC^99308|79|0||||1~DTM|472|20140714~CAS|CO|B9|79~REF|LU|32~REF|6R|1311026514Z1~LQ|HE|N90~CLP|24-221|1|51|0||MB|2814339221310|31|1~NM1|QC|1|TRIPP|RONALD||||HN|467643354A~NM1|82|1||||||XX|1962447805~MOA|||MA01~DTM|050|20141205~SVC|HC^99307|51|0||||1~DTM|472|20140825~CAS|CO|B9|51~REF|LU|31~REF|6R|1311706904Z1~LQ|HE|N90~CLP|118-206|1|51|0||MB|2814351325880|32|1~NM1|QC|1|WILSON|EUNICE|C|||HN|501261218A~NM1|82|1||||||XX|1962447805~MOA|||MA01~DTM|050|20141217~SVC|HC^99307|51|0||||1~DTM|472|20140710~CAS|OA|18|51~REF|LU|32~REF|6R|1321929268Z1~LQ|HE|N522~SE|106|0001~ST|835|0002~BPR|I|5492.37|C|ACH|CCP|01|081517693|DA|152302017594|1205296137||01|111000025|DA|488038453432|20141219~TRN|1|889182924|1205296137~REF|EV|E12705~DTM|405|20141218~N1|PR|NOVITAS SOLUTIONS, INC.~N3|PO BOX 3110~N4|MECHANICSBURG|PA|170551826~REF|2U|04412~PER|CX||TE|8552528782~N1|PE|DFW GERIATRICS PLLC|XX|1063835361~N3|2925 SKYWAY CIRCLE NORTH~N4|IRVING|TX|750383510~REF|TJ|464596718~LX|1~CLP|2-227|19|104|68.25|17.41|MB|2814339221380|32|1~NM1|QC|1|ADKISON|SHELIA||||HN|465116244A~NM1|82|1||||||XX|1962447805~NM1|TT|2|TX HEALTH & HUMAN SERVICES COMMI|||||PI|70051~MOA|||MA01|MA07~DTM|050|20141205~SVC|HC^99309|104|68.25||1~DTM|472|20140903~CAS|CO|45|16.95||253|1.39~CAS|PR|2|17.41~REF|LU|32~REF|6R|1311708930Z1~AMT|B6|87.05~CLP|4-198|19|51|33.58|8.57|MB|2814339221100|32|1~NM1|QC|1|ALLEN|GEORGIA||||HN|456442876A~NM1|82|1||||||XX|1962447805~NM1|TT|2|TX HEALTH & HUMAN SERVICES COMMI|||||PI|70051~MOA|||MA01|MA07~DTM|050|20141205~SVC|HC^99307|51|33.58||1~DTM|472|20140616~CAS|CO|45|8.16||253|.69~CAS|PR|2|8.57~REF|LU|32~REF|6R|1311706328Z1~AMT|B6|42.84~CLP|4-199|19|104|68.25|17.41|MB|2814339221110|32|1~NM1|QC|1|ALLEN|GEORGIA||||HN|456442876A~NM1|82|1||||||XX|1962447805~NM1|TT|2|TX HEALTH & HUMAN SERVICES COMMI|||||PI|70051~MOA|||MA01|MA07~DTM|050|20141205~SVC|HC^99309|104|68.25||1~DTM|472|20140728~CAS|CO|45|16.95||253|1.39~CAS|PR|2|17.41~REF|LU|32~REF|6R|1311706329Z1~AMT|B6|87.05~CLP|27-263|1|51|30.05|7.67|MB|2814339571400|31|1~NM1|QC|1|ANDERSON|ROY|B|||HN|449190079A~NM1|82|1||||||XX|1952303547~MOA|||MA01~DTM|050|20141205~SVC|HC^99307|51|30.05||1~DTM|472|20140619~CAS|CO|45|12.67||253|.61~CAS|PR|2|7.67~REF|LU|31~REF|6R|1312044329Z1~AMT|B6|38.33~CLP|27-290|1|104|61.06|15.58|MB|2814339571620|31|1~NM1|QC|1|ANDERSON|ROY|B|||HN|449190079A~NM1|82|1||||||XX|1952303547~MOA|||MA01~DTM|050|20141205~SVC|HC^99309|104|61.06||1~DTM|472|20140623~CAS|CO|45|26.11||253|1.25~CAS|PR|2|15.58~REF|LU|31~REF|6R|1312061169Z1~AMT|B6|77.89~CLP|8-257|19|104|61.06|15.58|MB|2814339571320|31|1~NM1|QC|1|BAREFIELD|EVELYN||||HN|459193092A~NM1|82|1||||||XX|1952303547~NM1|TT|2|TX HEALTH & HUMAN SERVICES COMMI|||||PI|70051~MOA|||MA01|MA07~DTM|050|20141205~SVC|HC^99309|104|61.06||1~DTM|472|20140624~CAS|CO|45|26.11||253|1.25~CAS|PR|2|15.58~REF|LU|31~REF|6R|1311993198Z1~AMT|B6|77.89~CLP|159-245|19|79|51.8|13.21|MB|2814339571800|31|1~NM1|QC|1|BARKER|M|L|||HN|450422259A~NM1|82|1||||||XX|1962447805~NM1|TT|2|TX HEALTH & HUMAN SERVICES COMMI|||||PI|70051~MOA|||MA01|MA07~DTM|050|20141205~SVC|HC^99308|79|51.8||1~DTM|472|20140724~CAS|CO|45|12.93||253|1.06~CAS|PR|2|13.21~REF|LU|31~REF|6R|1312079047Z1~AMT|B6|66.07~CLP|51-244|19|193|126.15|32.18|MB|2814339571790|31|1~NM1|QC|1|BARKER|TOSHIKO||||HN|576282028A~NM1|82|1||||||XX|1962447805~NM1|TT|2|UNITED AMERICAN INSURANCE CO|||||PI|30034~MOA|||MA01|MA27|MA18~DTM|050|20141205~SVC|HC^99306|193|126.15||1~DTM|472|20140724~CAS|CO|45|32.1||253|2.57~CAS|PR|2|32.18~REF|LU|31~REF|6R|1312079046Z1~AMT|B6|160.9~CLP|40-280|19|104|61.06|15.58|MB|2814339571540|31|1~NM1|QC|1|BILBREY|SONYA|C|||HN|464543387A~NM1|82|1||||||XX|1952303547~NM1|TT|2|AETNA, INC.|||||PI|00060~MOA|||MA01|MA18~DTM|050|20141205~SVC|HC^99309|104|61.06||1~DTM|472|20140619~CAS|CO|45|26.11||253|1.25~CAS|PR|2|15.58~REF|LU|31~REF|6R|1312061159Z1~AMT|B6|77.89~CLP|40-288|19|104|61.06|15.58|MB|2814339571600|31|1~NM1|QC|1|BILBREY|SONYA|C|||HN|464543387A~NM1|82|1||||||XX|1952303547~NM1|TT|2|AETNA, INC.|||||PI|00060~MOA|||MA01|MA18~DTM|050|20141205~SVC|HC^99309|104|61.06||1~DTM|472|20140623~CAS|CO|45|26.11||253|1.25~CAS|PR|2|15.58~REF|LU|31~REF|6R|1312061167Z1~AMT|B6|77.89~CLP|97-219|19|104|68.25|17.41|MB|2814339221370|32|1~NM1|QC|1|BLANCO|DANIEL|R|||HN|460120017A~NM1|82|1||||||XX|1962447805~NM1|TT|2|TX HEALTH & HUMAN SERVICES COMMI|||||PI|70051~MOA|||MA01|MA07~DTM|050|20141205~SVC|HC^99309|104|68.25||1~DTM|472|20140710~CAS|CO|45|16.95||253|1.39~CAS|PR|2|17.41~REF|LU|32~REF|6R|1311706915Z1~AMT|B6|87.05~CLP|15-228|19|104|68.25|17.41|MB|2814339221390|32|1~NM1|QC|1|BOOKER|ROY|G|||HN|458824469M~NM1|82|1||||||XX|1962447805~NM1|TT|2|TX HEALTH & HUMAN SERVICES COMMI|||||PI|70051~MOA|||MA01|MA07~DTM|050|20141205~SVC|HC^99309|104|68.25||1~DTM|472|20140903~CAS|CO|45|16.95||253|1.39~CAS|PR|2|17.41~REF|LU|32~REF|6R|1311708931Z1~AMT|B6|87.05~CLP|36-269|19|104|61.06|15.58|MB|2814339571450|31|1~NM1|QC|1|BRADY|SHIRLEY|F|||HN|462036029D~NM1|82|1||||||XX|1952303547~NM1|TT|2|SIERRA HEALTH & LIFE INSURANCE C|||||PI|30096~MOA|||MA01|MA18~DTM|050|20141205~SVC|HC^99309|104|61.06||1~DTM|472|20140619~CAS|CO|45|26.11||253|1.25~CAS|PR|2|15.58~REF|LU|31~REF|6R|1312046922Z1~AMT|B6|77.89~CLP|79-225|19|104|68.25|17.41|MB|2814339221350|32|1~NM1|QC|1|BURTON|DOLORES|J|||HN|456446751A~NM1|82|1||||||XX|1962447805~NM1|TT|2|TX HEALTH & HUMAN SERVICES COMMI|||||PI|70051~MOA|||MA01|MA07~DTM|050|20141205~SVC|HC^99309|104|68.25||1~DTM|472|20140903~CAS|CO|45|16.95||253|1.39~CAS|PR|2|17.41~REF|LU|32~REF|6R|1311706908Z1~AMT|B6|87.05~CLP|198-270|19|155|90.82|23.17|MB|2814339571460|31|1~NM1|QC|1|CAMPBELL|CHARLES|P|||HN|457024961A~NM1|82|1||||||XX|1952303547~NM1|TT|2|GERBER LIFE INS. CO.|||||PI|30289~MOA|||MA01|MA18~DTM|050|20141205~SVC|HC^99310|155|90.82||1~DTM|472|20140619~CAS|CO|45|39.16||253|1.85~CAS|PR|2|23.17~REF|LU|31~REF|6R|1312047067Z1~AMT|B6|115.84~CLP|198-285|19|104|61.06|15.58|MB|2814339571580|31|1~NM1|QC|1|CAMPBELL|CHARLES|P|||HN|457024961A~NM1|82|1||||||XX|1952303547~NM1|TT|2|GERBER LIFE INS. CO.|||||PI|30289~MOA|||MA01|MA18~DTM|050|20141205~SVC|HC^99309|104|61.06||1~DTM|472|20140623~CAS|CO|45|26.11||253|1.25~CAS|PR|2|15.58~REF|LU|31~REF|6R|1312061165Z1~AMT|B6|77.89~CLP|145-278|19|51|30.05|7.67|MB|2814339571520|31|1~NM1|QC|1|CASTRO|JOSE|A|||HN|635030630A~NM1|82|1||||||XX|1952303547~NM1|TT|2|TX HEALTH & HUMAN SERVICES COMMI|||||PI|70051~MOA|||MA01|MA07~DTM|050|20141205~SVC|HC^99307|51|30.05||1~DTM|472|20140619~CAS|CO|45|12.67||253|.61~CAS|PR|2|7.67~REF|LU|31~REF|6R|1312061157Z1~AMT|B6|38.33~CLP|117-218|19|104|68.25|17.41|MB|2814339221290|32|1~NM1|QC|1|CHANCE|EUGENIA||||HN|466209252D~NM1|82|1||||||XX|1962447805~NM1|TT|2|TX HEALTH & HUMAN SERVICES COMMI|||||PI|70051~MOA|||MA01|MA07~DTM|050|20141205~SVC|HC^99309|104|68.25||1~DTM|472|20140710~CAS|CO|45|16.95||253|1.39~CAS|PR|2|17.41~REF|LU|32~REF|6R|1311706901Z1~AMT|B6|87.05~CLP|117-243|19|79|51.8|13.21|MB|2814339571780|31|1~NM1|QC|1|CHANCE|EUGENIA||||HN|466209252D~NM1|82|1||||||XX|1962447805~NM1|TT|2|TX HEALTH & HUMAN SERVICES COMMI|||||PI|70051~MOA|||MA01|MA07~DTM|050|20141205~SVC|HC^99308|79|51.8||1~DTM|472|20140724~CAS|CO|45|12.93||253|1.06~CAS|PR|2|13.21~REF|LU|31~REF|6R|1312079044Z1~AMT|B6|66.07~CLP|94-230|19|104|68.25|17.41|MB|2814339221410|32|1~NM1|QC|1|CRENSHAW|RAYMOND||||HN|449505453M~NM1|82|1||||||XX|1962447805~NM1|TT|2|TX HEALTH & HUMAN SERVICES COMMI|||||PI|70051~MOA|||MA01|MA07~DTM|050|20141205~SVC|HC^99309|104|68.25||1~DTM|472|20140903~CAS|CO|45|16.95||253|1.39~CAS|PR|2|17.41~REF|LU|32~REF|6R|1311708933Z1~AMT|B6|87.05~CLP|77-277|19|51|30.05|7.67|MB|2814339571510|31|1~NM1|QC|1|CROFFORD|HELEN|M|||HN|457146247D~NM1|82|1||||||XX|1952303547~NM1|TT|2|UNITEDHEALTH GROUP|||||PI|30002~MOA|||MA01|MA18~DTM|050|20141205~SVC|HC^99307|51|30.05||1~DTM|472|20140619~CAS|CO|45|12.67||253|.61~CAS|PR|2|7.67~REF|LU|31~REF|6R|1312061156Z1~AMT|B6|38.33~CLP|120-287|19|51|30.05|7.67|MB|2814339571590|31|1~NM1|QC|1|CROWDER|EVA||||HN|460445627A~NM1|82|1||||||XX|1952303547~NM1|TT|2|AETNA, INC.|||||PI|00060~MOA|||MA01|MA18~DTM|050|20141205~SVC|HC^99307|51|30.05||1~DTM|472|20140623~CAS|CO|45|12.67||253|.61~CAS|PR|2|7.67~REF|LU|31~REF|6R|1312061166Z1~AMT|B6|38.33~CLP|12-215|19|79|51.8|13.21|MB|2814339221270|32|1~NM1|QC|1|DIGGLES|BERNICE||||HN|452922584A~NM1|82|1||||||XX|1962447805~NM1|TT|2|TX HEALTH & HUMAN SERVICES COMMI|||||PI|70051~MOA|||MA01|MA07~DTM|050|20141205~SVC|HC^99308|79|51.8||1~DTM|472|20140710~CAS|CO|45|12.93||253|1.06~CAS|PR|2|13.21~REF|LU|32~REF|6R|1311706478Z1~AMT|B6|66.07~CLP|12-261|19|155|90.82|23.17|MB|2814339571380|31|1~NM1|QC|1|DIGGLES|BERNICE||||HN|452922584A~NM1|82|1||||||XX|1952303547~NM1|TT|2|TX HEALTH & HUMAN SERVICES COMMI|||||PI|70051~MOA|||MA01|MA07~DTM|050|20141205~SVC|HC^99310|155|90.82||1~DTM|472|20140619~CAS|CO|45|39.16||253|1.85~CAS|PR|2|23.17~REF|LU|31~REF|6R|1312043800Z1~AMT|B6|115.84~CLP|12-289|19|104|61.06|15.58|MB|2814339571610|31|1~NM1|QC|1|DIGGLES|BERNICE||||HN|452922584A~NM1|82|1||||||XX|1952303547~NM1|TT|2|TX HEALTH & HUMAN SERVICES COMMI|||||PI|70051~MOA|||MA01|MA07~DTM|050|20141205~SVC|HC^99309|104|61.06||1~DTM|472|20140623~CAS|CO|45|26.11||253|1.25~CAS|PR|2|15.58~REF|LU|31~REF|6R|1312061168Z1~AMT|B6|77.89~CLP|12-242|19|79|51.8|13.21|MB|2814339571760|31|1~NM1|QC|1|DIGGLES|BERNICE||||HN|452922584A~NM1|82|1||||||XX|1962447805~NM1|TT|2|TX HEALTH & HUMAN SERVICES COMMI|||||PI|70051~MOA|||MA01|MA07~DTM|050|20141205~SVC|HC^99308|79|51.8||1~DTM|472|20140724~CAS|CO|45|12.93||253|1.06~CAS|PR|2|13.21~REF|LU|31~REF|6R|1312079042Z1~AMT|B6|66.07~CLP|147-229|19|104|68.25|17.41|MB|2814339221400|32|1~NM1|QC|1|FIELDS|JOYCE||||HN|450487270A~NM1|82|1||||||XX|1962447805~NM1|TT|2|TX HEALTH & HUMAN SERVICES COMMI|||||PI|70051~MOA|||MA01|MA07~DTM|050|20141205~SVC|HC^99309|104|68.25||1~DTM|472|20140903~CAS|CO|45|16.95||253|1.39~CAS|PR|2|17.41~REF|LU|32~REF|6R|1311708932Z1~AMT|B6|87.05~CLP|72-234|19|104|68.25|17.41|MB|2814339221360|32|1~NM1|QC|1|GAINES|GWENDOLYN||||HN|462219921TA~NM1|82|1||||||XX|1962447805~NM1|TT|2|TX HEALTH & HUMAN SERVICES COMMI|||||PI|70051~MOA|||MA01|MA07~DTM|050|20141205~SVC|HC^99309|104|68.25||1~DTM|472|20140903~CAS|CO|45|16.95||253|1.39~CAS|PR|2|17.41~REF|LU|32~REF|6R|1311706909Z1~AMT|B6|87.05~CLP|61-279|19|51|30.05|7.67|MB|2814339571530|31|1~NM1|QC|1|GEER|VIRGINIA|L|||HN|449448951D~NM1|82|1||||||XX|1952303547~NM1|TT|2|SIERRA HEALTH & LIFE INSURANCE C|||||PI|30096~MOA|||MA01|MA18~DTM|050|20141205~SVC|HC^99307|51|30.05||1~DTM|472|20140619~CAS|CO|45|12.67||253|.61~CAS|PR|2|7.67~REF|LU|31~REF|6R|1312061158Z1~AMT|B6|38.33~CLP|135-214|19|104|68.25|17.41|MB|2814339221260|32|1~NM1|QC|1|HEAD|JEANNE||||HN|560325163A~NM1|82|1||||||XX|1962447805~NM1|TT|2|HCSC-BCBS OF TX-OTHER B ONLY|||||PI|00044~MOA|||MA01|MA18~DTM|050|20141205~SVC|HC^99309|104|68.25||1~DTM|472|20140710~CAS|CO|45|16.95||253|1.39~CAS|PR|2|17.41~REF|LU|32~REF|6R|1311706477Z1~AMT|B6|87.05~CLP|135-291|19|155|90.82|23.17|MB|2814339571630|31|1~NM1|QC|1|HEAD|JEANNE||||HN|560325163A~NM1|82|1||||||XX|1952303547~NM1|TT|2|HCSC-BCBS OF TX-OTHER B ONLY|||||PI|00044~MOA|||MA01|MA18~DTM|050|20141205~SVC|HC^99310|155|90.82||1~DTM|472|20140623~CAS|CO|45|39.16||253|1.85~CAS|PR|2|23.17~REF|LU|31~REF|6R|1312061170Z1~AMT|B6|115.84~CLP|135-240|19|104|68.25|17.41|MB|2814339571750|31|1~NM1|QC|1|HEAD|JEANNE||||HN|560325163A~NM1|82|1||||||XX|1962447805~NM1|TT|2|HCSC-BCBS OF TX-OTHER B ONLY|||||PI|00044~MOA|||MA01|MA18~DTM|050|20141205~SVC|HC^99309|104|68.25||1~DTM|472|20140724~CAS|CO|45|16.95||253|1.39~CAS|PR|2|17.41~REF|LU|31~REF|6R|1312079041Z1~AMT|B6|87.05~CLP|160-188|19|104|68.25|17.41|MB|2814339221000|31|1~NM1|QC|1|HILTON|MAECEIL||||HN|450608307A~NM1|82|1||||||XX|1962447805~NM1|TT|2|MUTUAL OF OMAHA INSURANCE COMP|||||PI|30090~MOA|||MA01|MA18~DTM|050|20141205~SVC|HC^99309|104|68.25||1~DTM|472|20140825~CAS|CO|45|16.95||253|1.39~CAS|PR|2|17.41~REF|LU|31~REF|6R|1311703390Z1~AMT|B6|87.05~CLP|53-197|19|104|68.25|17.41|MB|2814339221090|32|1~NM1|QC|1|HOLLAND|TRUDY||||HN|465045111A~NM1|82|1||||||XX|1962447805~NM1|TT|2|TX HEALTH & HUMAN SERVICES COMMI|||||PI|70051~MOA|||MA01|MA07~DTM|050|20141205~SVC|HC^99309|104|68.25||1~DTM|472|20140728~CAS|CO|45|16.95||253|1.39~CAS|PR|2|17.41~REF|LU|32~REF|6R|1311706327Z1~AMT|B6|87.05~CLP|53-231|19|104|68.25|17.41|MB|2814339221420|32|1~NM1|QC|1|HOLLAND|TRUDY||||HN|465045111A~NM1|82|1||||||XX|1962447805~NM1|TT|2|TX HEALTH & HUMAN SERVICES COMMI|||||PI|70051~MOA|||MA01|MA07~DTM|050|20141205~SVC|HC^99309|104|68.25||1~DTM|472|20140903~CAS|CO|45|16.95||253|1.39~CAS|PR|2|17.41~REF|LU|32~REF|6R|1311708934Z1~AMT|B6|87.05~CLP|218-189|19|104|68.25|17.41|MB|2814339221060|31|1~NM1|QC|1|JEFFREY|JOHN|G|||HN|450546301A~NM1|82|1||||||XX|1962447805~NM1|TT|2|WPS - TRICARE FOR LIFE|||||PI|60000~MOA|||MA01|MA18~DTM|050|20141205~SVC|HC^99309|104|68.25||1~DTM|472|20140825~CAS|CO|45|16.95||253|1.39~CAS|PR|2|17.41~REF|LU|31~REF|6R|1311704854Z1~AMT|B6|87.05~CLP|143-226|19|104|68.25|17.41|MB|2814339221340|32|1~NM1|QC|1|JOHNSON|GEORGIA||||HN|360420759M~NM1|82|1||||||XX|1962447805~NM1|TT|2|TX HEALTH & HUMAN SERVICES COMMI|||||PI|70051~MOA|||MA01|MA07~DTM|050|20141205~SVC|HC^99309|104|68.25||1~DTM|472|20140903~CAS|CO|45|16.95||253|1.39~CAS|PR|2|17.41~REF|LU|32~REF|6R|1311706907Z1~AMT|B6|87.05~CLP|59-204|19|79|51.8|13.21|MB|2814339221170|32|1~NM1|QC|1|KEILSON|GERALD|R|||HN|462301721A~NM1|82|1||||||XX|1962447805~NM1|TT|2|AMA INSURANCE AGENCY, INC.|||||PI|30150~MOA|||MA01|MA18~DTM|050|20141205~SVC|HC^99308|79|51.8||1~DTM|472|20140710~CAS|CO|45|12.93||253|1.06~CAS|PR|2|13.21~REF|LU|32~REF|6R|1311706339Z1~AMT|B6|66.07~CLP|59-282|19|51|30.05|7.67|MB|2814339571680|31|1~NM1|QC|1|KEILSON|GERALD|R|||HN|462301721A~NM1|82|1||||||XX|1952303547~NM1|TT|2|AMA INSURANCE AGENCY, INC.|||||PI|30150~MOA|||MA01|MA18~DTM|050|20141205~SVC|HC^99307|51|30.05||1~DTM|472|20140623~CAS|CO|45|12.67||253|.61~CAS|PR|2|7.67~REF|LU|31~REF|6R|1312069987Z1~AMT|B6|38.33~CLP|59-276|19|155|90.82|23.17|MB|2814339571690|31|1~NM1|QC|1|KEILSON|GERALD|R|||HN|462301721A~NM1|82|1||||||XX|1952303547~NM1|TT|2|AMA INSURANCE AGENCY, INC.|||||PI|30150~MOA|||MA01|MA18~DTM|050|20141205~SVC|HC^99310|155|90.82||1~DTM|472|20140619~CAS|CO|45|39.16||253|1.85~CAS|PR|2|23.17~REF|LU|31~REF|6R|1312070145Z1~AMT|B6|115.84~CLP|59-238|19|104|68.25|17.41|MB|2814339571810|31|1~NM1|QC|1|KEILSON|GERALD|R|||HN|462301721A~NM1|82|1||||||XX|1962447805~NM1|TT|2|AMA INSURANCE AGENCY, INC.|||||PI|30150~MOA|||MA01|MA18~DTM|050|20141205~SVC|HC^99309|104|68.25||1~DTM|472|20140724~CAS|CO|45|16.95||253|1.39~CAS|PR|2|17.41~REF|LU|31~REF|6R|1312084560Z1~AMT|B6|87.05~CLP|154-203|19|104|68.25|17.41|MB|2814339221140|32|1~NM1|QC|1|LANGLEY|JIMMY||||HN|456584415A~NM1|82|1||||||XX|1962447805~NM1|TT|2|TX HEALTH & HUMAN SERVICES COMMI|||||PI|70051~MOA|||MA01|MA07~DTM|050|20141205~SVC|HC^99309|104|68.25||1~DTM|472|20140728~CAS|CO|45|16.95||253|1.39~CAS|PR|2|17.41~REF|LU|32~REF|6R|1311706332Z1~AMT|B6|87.05~CLP|154-202|19|51|33.58|8.57|MB|2814339221150|32|1~NM1|QC|1|LANGLEY|JIMMY||||HN|456584415A~NM1|82|1||||||XX|1962447805~NM1|TT|2|TX HEALTH & HUMAN SERVICES COMMI|||||PI|70051~MOA|||MA01|MA07~DTM|050|20141205~SVC|HC^99307|51|33.58||1~DTM|472|20140616~CAS|CO|45|8.16||253|.69~CAS|PR|2|8.57~REF|LU|32~REF|6R|1311706333Z1~AMT|B6|42.84~CLP|161-255|19|104|61.06|15.58|MB|2814339571300|31|1~NM1|QC|1|MALAKY|SOGHRA||||HN|457417307A~NM1|82|1||||||XX|1952303547~NM1|TT|2|TX HEALTH & HUMAN SERVICES COMMI|||||PI|70051~MOA|||MA01|MA07~DTM|050|20141205~SVC|HC^99309|104|61.06||1~DTM|472|20140624~CAS|CO|45|26.11||253|1.25~CAS|PR|2|15.58~REF|LU|31~REF|6R|1311993196Z1~AMT|B6|77.89~CLP|204-216|19|104|68.25|17.41|MB|2814339221280|32|1~NM1|QC|1|MCCLURG|MARY|A|||HN|453329543A~NM1|82|1||||||XX|1962447805~NM1|TT|2|HCSC-BCBS OF TX-FEP B ONLY|||||PI|80012~MOA|||MA01|MA18~DTM|050|20141205~SVC|HC^99309|104|68.25||1~DTM|472|20140710~CAS|CO|45|16.95||253|1.39~CAS|PR|2|17.41~REF|LU|32~REF|6R|1311706479Z1~AMT|B6|87.05~CLP|204-237|19|104|68.25|17.41|MB|2814339571730|31|1~NM1|QC|1|MCCLURG|MARY|A|||HN|453329543A~NM1|82|1||||||XX|1962447805~NM1|TT|2|HCSC-BCBS OF TX-FEP B ONLY|||||PI|80012~MOA|||MA01|MA18~DTM|050|20141205~SVC|HC^99309|104|68.25||1~DTM|472|20140724~CAS|CO|45|16.95||253|1.39~CAS|PR|2|17.41~REF|LU|31~REF|6R|1312079037Z1~AMT|B6|87.05~CLP|1-268|1|51|30.05|7.67|MB|2814339571440|31|1~NM1|QC|1|MCVAY|JOHN||||HN|454307513A~NM1|82|1||||||XX|1952303547~MOA|||MA01~DTM|050|20141205~SVC|HC^99307|51|30.05||1~DTM|472|20140619~CAS|CO|45|12.67||253|.61~CAS|PR|2|7.67~REF|LU|31~REF|6R|1312046843Z1~AMT|B6|38.33~CLP|28-190|1|121|78.95|20.14|MB|2814339221010|31|1~NM1|QC|1|MILBURN|RUBY|L|||HN|456096649D~NM1|82|1||||||XX|1962447805~MOA|||MA01~DTM|050|20141205~SVC|HC^99316|121|78.95||1~DTM|472|20140825~CAS|CO|45|20.3||253|1.61~CAS|PR|2|20.14~REF|LU|31~REF|6R|1311704847Z1~AMT|B6|100.7~CLP|214-195|19|104|68.25|17.41|MB|2814339221040|31|1~NM1|QC|1|MILLER|WILLIAM|C|||HN|458344463A~NM1|82|1||||||XX|1962447805~NM1|TT|2|AETNA, INC.|||||PI|00060~MOA|||MA01|MA18~DTM|050|20141205~SVC|HC^99309|104|68.25||1~DTM|472|20140825~CAS|CO|45|16.95||253|1.39~CAS|PR|2|17.41~REF|LU|31~REF|6R|1311704850Z1~AMT|B6|87.05~CLP|17-213|19|79|51.8|13.21|MB|2814339221250|32|1~NM1|QC|1|MITCHELL|RALPH|C|||HN|304328378A~NM1|82|1||||||XX|1962447805~NM1|TT|2|COLONIAL PENN LIFE INSURANCE CO|||||PI|30326~MOA|||MA01|MA18~DTM|050|20141205~SVC|HC^99308|79|51.8||1~DTM|472|20140710~CAS|CO|45|12.93||253|1.06~CAS|PR|2|13.21~REF|LU|32~REF|6R|1311706476Z1~AMT|B6|66.07~CLP|17-272|19|104|61.06|15.58|MB|2814339571480|31|1~NM1|QC|1|MITCHELL|RALPH|C|||HN|304328378A~NM1|82|1||||||XX|1952303547~NM1|TT|2|COLONIAL PENN LIFE INSURANCE CO|||||PI|30326~MOA|||MA01|MA18~DTM|050|20141205~SVC|HC^99309|104|61.06||1~DTM|472|20140619~CAS|CO|45|26.11||253|1.25~CAS|PR|2|15.58~REF|LU|31~REF|6R|1312051858Z1~AMT|B6|77.89~CLP|17-292|19|104|61.06|15.58|MB|2814339571640|31|1~NM1|QC|1|MITCHELL|RALPH|C|||HN|304328378A~NM1|82|1||||||XX|1952303547~NM1|TT|2|COLONIAL PENN LIFE INSURANCE CO|||||PI|30326~MOA|||MA01|MA18~DTM|050|20141205~SVC|HC^99309|104|61.06||1~DTM|472|20140623~CAS|CO|45|26.11||253|1.25~CAS|PR|2|15.58~REF|LU|31~REF|6R|1312061171Z1~AMT|B6|77.89~CLP|17-236|19|104|68.25|17.41|MB|2814339571720|31|1~NM1|QC|1|MITCHELL|RALPH|C|||HN|304328378A~NM1|82|1||||||XX|1962447805~NM1|TT|2|COLONIAL PENN LIFE INSURANCE CO|||||PI|30326~MOA|||MA01|MA18~DTM|050|20141205~SVC|HC^99309|104|68.25||1~DTM|472|20140724~CAS|CO|45|16.95||253|1.39~CAS|PR|2|17.41~REF|LU|31~REF|6R|1312079036Z1~AMT|B6|87.05~CLP|113-196|19|104|68.25|17.41|MB|2814339221050|31|1~NM1|QC|1|MOORE|ERNEST|A|||HN|563407942A~NM1|82|1||||||XX|1962447805~NM1|TT|2|AETNA, INC.|||||PI|00060~MOA|||MA01|MA18~DTM|050|20141205~SVC|HC^99309|104|68.25||1~DTM|472|20140825~CAS|CO|45|16.95||253|1.39~CAS|PR|2|17.41~REF|LU|31~REF|6R|1311704851Z1~AMT|B6|87.05~CLP|113-211|19|104|68.25|17.41|MB|2814339221230|32|1~NM1|QC|1|MOORE|ERNEST|A|||HN|563407942A~NM1|82|1||||||XX|1962447805~NM1|TT|2|AETNA, INC.|||||PI|00060~MOA|||MA01|MA18~DTM|050|20141205~SVC|HC^99309|104|68.25||1~DTM|472|20140710~CAS|CO|45|16.95||253|1.39~CAS|PR|2|17.41~REF|LU|32~REF|6R|1311706474Z1~AMT|B6|87.05~CLP|165-271|19|155|90.82|23.17|MB|2814339571470|31|1~NM1|QC|1|MORENO|MARIA|L|||HN|465183762D~NM1|82|1||||||XX|1952303547~NM1|TT|2|UNITEDHEALTH GROUP|||||PI|30002~MOA|||MA01|MA18~DTM|050|20141205~SVC|HC^99310|155|90.82||1~DTM|472|20140619~CAS|CO|45|39.16||253|1.85~CAS|PR|2|23.17~REF|LU|31~REF|6R|1312047162Z1~AMT|B6|115.84~CLP|60-264|19|104|61.06|15.58|MB|2814339571410|31|1~NM1|QC|1|NEILL|VERNA|D|||HN|464426162A~NM1|82|1||||||XX|1952303547~NM1|TT|2|HCSC-BCBS OF TX-OTHER B ONLY|||||PI|00044~MOA|||MA01|MA18~DTM|050|20141205~SVC|HC^99309|104|61.06||1~DTM|472|20140619~CAS|CO|45|26.11||253|1.25~CAS|PR|2|15.58~REF|LU|31~REF|6R|1312044728Z1~AMT|B6|77.89~CLP|64-212|19|79|51.8|13.21|MB|2814339221240|32|1~NM1|QC|1|OBENNOSKEY|WILLIAM|O|||HN|431609382A~NM1|82|1||||||XX|1962447805~NM1|TT|2|TX HEALTH & HUMAN SERVICES COMMI|||||PI|70051~MOA|||MA01|MA07~DTM|050|20141205~SVC|HC^99308|79|51.8||1~DTM|472|20140710~CAS|CO|45|12.93||253|1.06~CAS|PR|2|13.21~REF|LU|32~REF|6R|1311706475Z1~AMT|B6|66.07~CLP|179-252|19|155|90.82|23.17|MB|2814339571280|31|1~NM1|QC|1|ODGAARD|LOIS|E|||HN|482209493A~NM1|82|1||||||XX|1952303547~NM1|TT|2|UNITEDHEALTH GROUP|||||PI|30002~MOA|||MA01|MA18~DTM|050|20141205~SVC|HC^99310|155|90.82||1~DTM|472|20140624~CAS|CO|45|39.16||253|1.85~CAS|PR|2|23.17~REF|LU|31~REF|6R|1311993193Z1~AMT|B6|115.84~CLP|115-232|19|104|68.25|17.41|MB|2814339221430|31|1~NM1|QC|1|ODIE|ESTERLEAN|H|||HN|427940263A~NM1|82|1||||||XX|1962447805~NM1|TT|2|TX HEALTH & HUMAN SERVICES COMMI|||||PI|70051~MOA|||MA01|MA07~DTM|050|20141205~SVC|HC^99309|104|68.25||1~DTM|472|20140724~CAS|CO|45|16.95||253|1.39~CAS|PR|2|17.41~REF|LU|31~REF|6R|1311708935Z1~AMT|B6|87.05~CLP|115-274|19|104|61.06|15.58|MB|2814339571490|31|1~NM1|QC|1|ODIE|ESTERLEAN|H|||HN|427940263A~NM1|82|1||||||XX|1952303547~NM1|TT|2|TX HEALTH & HUMAN SERVICES COMMI|||||PI|70051~MOA|||MA01|MA07~DTM|050|20141205~SVC|HC^99309|104|61.06||1~DTM|472|20140619~CAS|CO|45|26.11||253|1.25~CAS|PR|2|15.58~REF|LU|31~REF|6R|1312052481Z1~AMT|B6|77.89~CLP|115-286|19|104|61.06|15.58|MB|2814339571570|31|1~NM1|QC|1|ODIE|ESTERLEAN|H|||HN|427940263A~NM1|82|1||||||XX|1952303547~NM1|TT|2|TX HEALTH & HUMAN SERVICES COMMI|||||PI|70051~MOA|||MA01|MA07~DTM|050|20141205~SVC|HC^99309|104|61.06||1~DTM|472|20140623~CAS|CO|45|26.11||253|1.25~CAS|PR|2|15.58~REF|LU|31~REF|6R|1312061164Z1~AMT|B6|77.89~CLP|180-259|19|104|61.06|15.58|MB|2814339571360|31|1~NM1|QC|1|OROZCO|SUSIE|S|||HN|456100250D~NM1|82|1||||||XX|1952303547~NM1|TT|2|TX HEALTH & HUMAN SERVICES COMMI|||||PI|70051~MOA|||MA01|MA07~DTM|050|20141205~SVC|HC^99309|104|61.06||1~DTM|472|20140624~CAS|CO|45|26.11||253|1.25~CAS|PR|2|15.58~REF|LU|31~REF|6R|1312020319Z1~AMT|B6|77.89~CLP|26-254|19|104|61.06|15.58|MB|2814339571290|31|1~NM1|QC|1|ROWDEN|LESLIE||||HN|466689188C1~NM1|82|1||||||XX|1952303547~NM1|TT|2|TX HEALTH & HUMAN SERVICES COMMI|||||PI|70051~MOA|||MA01|MA07~DTM|050|20141205~SVC|HC^99309|104|61.06||1~DTM|472|20140624~CAS|CO|45|26.11||253|1.25~CAS|PR|2|15.58~REF|LU|31~REF|6R|1311993195Z1~AMT|B6|77.89~CLP|148-193|19|104|68.25|17.41|MB|2814339221030|31|1~NM1|QC|1|SEASTRUNK|JUANITA|M|||HN|454387023A~NM1|82|1||||||XX|1962447805~NM1|TT|2|UNITEDHEALTHCARE|||||PI|00082~MOA|||MA01|MA18~DTM|050|20141205~SVC|HC^99309|104|68.25||1~DTM|472|20140825~CAS|CO|45|16.95||253|1.39~CAS|PR|2|17.41~REF|LU|31~REF|6R|1311704849Z1~AMT|B6|87.05~CLP|148-194|19|104|68.25|17.41|MB|2814339221080|31|1~NM1|QC|1|SEASTRUNK|JUANITA|M|||HN|454387023A~NM1|82|1||||||XX|1962447805~NM1|TT|2|UNITEDHEALTHCARE|||||PI|00082~MOA|||MA01|MA18~DTM|050|20141205~SVC|HC^99309|104|68.25||1~DTM|472|20140818~CAS|CO|45|16.95||253|1.39~CAS|PR|2|17.41~REF|LU|31~REF|6R|1311705020Z1~AMT|B6|87.05~CLP|65-267|19|104|61.06|15.58|MB|2814339571430|31|1~NM1|QC|1|SHIFLET|WILLIE|R|||HN|453303119A~NM1|82|1||||||XX|1952303547~NM1|TT|2|OLYMPIC HEALTH MANAGEMENT SYSTEM|||||PI|30335~MOA|||MA01|MA18~DTM|050|20141205~SVC|HC^99309|104|61.06||1~DTM|472|20140619~CAS|CO|45|26.11||253|1.25~CAS|PR|2|15.58~REF|LU|31~REF|6R|1312046758Z1~AMT|B6|77.89~CLP|43-253|19|104|61.06|15.58|MB|2814339571350|31|1~NM1|QC|1|SPINNER|HERBERT||||HN|578701093A~NM1|82|1||||||XX|1952303547~NM1|TT|2|TX HEALTH & HUMAN SERVICES COMMI|||||PI|70051~MOA|||MA01|MA07~DTM|050|20141205~SVC|HC^99309|104|61.06||1~DTM|472|20140624~CAS|CO|45|26.11||253|1.25~CAS|PR|2|15.58~REF|LU|31~REF|6R|1311998604Z1~AMT|B6|77.89~CLP|45-296|19|104|61.06|15.58|MB|2814339571340|31|1~NM1|QC|1|STANSBURY|LAWRANCE||||HN|351408635A~NM1|82|1||||||XX|1952303547~NM1|TT|2|TX HEALTH & HUMAN SERVICES COMMI|||||PI|70051~MOA|||MA01|MA07~DTM|050|20141205~SVC|HC^99309|104|61.06||1~DTM|472|20140624~CAS|CO|45|26.11||253|1.25~CAS|PR|2|15.58~REF|LU|31~REF|6R|1311993200Z1~AMT|B6|77.89~CLP|167-262|19|104|61.06|15.58|MB|2814339571390|31|1~NM1|QC|1|STIPES|MARJORIE||||HN|431363562A~NM1|82|1||||||XX|1952303547~NM1|TT|2|UNITED AMERICAN INSURANCE CO|||||PI|30034~MOA|||MA01|MA18~DTM|050|20141205~SVC|HC^99309|104|61.06||1~DTM|472|20140619~CAS|CO|45|26.11||253|1.25~CAS|PR|2|15.58~REF|LU|31~REF|6R|1312043989Z1~AMT|B6|77.89~CLP|166-220|1|104|68.25|17.41|MB|2814339221300|31|1~NM1|QC|1|TERRY|MARIE|R|||HN|465368199A~NM1|82|1||||||XX|1962447805~MOA|||MA01~DTM|050|20141205~SVC|HC^99309|104|68.25||1~DTM|472|20140616~CAS|CO|45|16.95||253|1.39~CAS|PR|2|17.41~REF|LU|31~REF|6R|1311706903Z1~AMT|B6|87.05~CLP|166-293|1|104|61.06|15.58|MB|2814339571650|31|1~NM1|QC|1|TERRY|MARIE|R|||HN|465368199A~NM1|82|1||||||XX|1952303547~MOA|||MA01~DTM|050|20141205~SVC|HC^99309|104|61.06||1~DTM|472|20140623~CAS|CO|45|26.11||253|1.25~CAS|PR|2|15.58~REF|LU|31~REF|6R|1312061172Z1~AMT|B6|77.89~CLP|175-210|19|104|68.25|17.41|MB|2814339221220|32|1~NM1|QC|1|TERRY|NELDA||||HN|417442734A~NM1|82|1||||||XX|1962447805~NM1|TT|2|WPS - TRICARE FOR LIFE|||||PI|60000~MOA|||MA01|MA18~DTM|050|20141205~SVC|HC^99309|104|68.25||1~DTM|472|20140710~CAS|CO|45|16.95||253|1.39~CAS|PR|2|17.41~REF|LU|32~REF|6R|1311706473Z1~AMT|B6|87.05~CLP|175-265|19|104|61.06|15.58|MB|2814339571420|31|1~NM1|QC|1|TERRY|NELDA||||HN|417442734A~NM1|82|1||||||XX|1952303547~NM1|TT|2|WPS - TRICARE FOR LIFE|||||PI|60000~MOA|||MA01|MA18~DTM|050|20141205~SVC|HC^99309|104|61.06||1~DTM|472|20140619~CAS|CO|45|26.11||253|1.25~CAS|PR|2|15.58~REF|LU|31~REF|6R|1312044745Z1~AMT|B6|77.89~CLP|47-222|19|104|68.25|17.41|MB|2814339221320|32|1~NM1|QC|1|THOMAS|JIMMIE M||||HN|427101367D~NM1|82|1||||||XX|1962447805~NM1|TT|2|TX HEALTH & HUMAN SERVICES COMMI|||||PI|70051~MOA|||MA01|MA07~DTM|050|20141205~SVC|HC^99309|104|68.25||1~DTM|472|20140903~CAS|CO|45|16.95||253|1.39~CAS|PR|2|17.41~REF|LU|32~REF|6R|1311706905Z1~AMT|B6|87.05~CLP|49-295|19|104|61.06|15.58|MB|2814339571330|31|1~NM1|QC|1|THOMPSON|DENNIS||||HN|461115723A~NM1|82|1||||||XX|1952303547~NM1|TT|2|TX HEALTH & HUMAN SERVICES COMMI|||||PI|70051~MOA|||MA01|MA07~DTM|050|20141205~SVC|HC^99309|104|61.06||1~DTM|472|20140624~CAS|CO|45|26.11||253|1.25~CAS|PR|2|15.58~REF|LU|31~REF|6R|1311993199Z1~AMT|B6|77.89~CLP|105-209|19|104|68.25|17.41|MB|2814339221210|32|1~NM1|QC|1|THOMPSON|DORIS|W|||HN|466443779A~NM1|82|1||||||XX|1962447805~NM1|TT|2|CHCS SERVICES INC|||||PI|80255~MOA|||MA01|MA18~DTM|050|20141205~SVC|HC^99309|104|68.25||1~DTM|472|20140710~CAS|CO|45|16.95||253|1.39~CAS|PR|2|17.41~REF|LU|32~REF|6R|1311706472Z1~AMT|B6|87.05~CLP|105-260|19|104|61.06|15.58|MB|2814339571370|31|1~NM1|QC|1|THOMPSON|DORIS|W|||HN|466443779A~NM1|82|1||||||XX|1952303547~NM1|TT|2|CHCS SERVICES INC|||||PI|80255~MOA|||MA01|MA18~DTM|050|20141205~SVC|HC^99309|104|61.06||1~DTM|472|20140619~CAS|CO|45|26.11||253|1.25~CAS|PR|2|15.58~REF|LU|31~REF|6R|1312043448Z1~AMT|B6|77.89~CLP|105-235|19|79|51.8|13.21|MB|2814339571710|31|1~NM1|QC|1|THOMPSON|DORIS|W|||HN|466443779A~NM1|82|1||||||XX|1962447805~NM1|TT|2|CHCS SERVICES INC|||||PI|80255~MOA|||MA01|MA18~DTM|050|20141205~SVC|HC^99308|79|51.8||1~DTM|472|20140724~CAS|CO|45|12.93||253|1.06~CAS|PR|2|13.21~REF|LU|31~REF|6R|1312079034Z1~AMT|B6|66.07~CLP|106-273|19|104|61.06|15.58|MB|2814339571700|31|1~NM1|QC|1|TRUITT|EDNA|M|||HN|525984665A~NM1|82|1||||||XX|1952303547~NM1|TT|2|HCSC-BCBS OF NM-OTHER B ONLY|||||PI|00042~MOA|||MA01|MA18~DTM|050|20141205~SVC|HC^99309|104|61.06||1~DTM|472|20140619~CAS|CO|45|26.11||253|1.25~CAS|PR|2|15.58~REF|LU|31~REF|6R|1312072073Z1~AMT|B6|77.89~CLP|54-223|19|104|68.25|17.41|MB|2814339221330|32|1~NM1|QC|1|TYLER|MARY|L|||HN|454260356A~NM1|82|1||||||XX|1962447805~NM1|TT|2|AETNA, INC.|||||PI|00060~MOA|||MA01|MA18~DTM|050|20141205~SVC|HC^99309|104|68.25||1~DTM|472|20140903~CAS|CO|45|16.95||253|1.39~CAS|PR|2|17.41~REF|LU|32~REF|6R|1311706906Z1~AMT|B6|87.05~CLP|55-251|19|104|61.06|15.58|MB|2814339571270|31|1~NM1|QC|1|UZOMA|SHARON|L|||HN|467397111A~NM1|82|1||||||XX|1952303547~NM1|TT|2|TX HEALTH & HUMAN SERVICES COMMI|||||PI|70051~MOA|||MA01|MA07~DTM|050|20141205~SVC|HC^99309|104|61.06||1~DTM|472|20140624~CAS|CO|45|26.11||253|1.25~CAS|PR|2|15.58~REF|LU|31~REF|6R|1311993192Z1~AMT|B6|77.89~CLP|71-208|1|104|68.25|17.41|MB|2814339221200|32|1~NM1|QC|1|WHITNEY|GRACE|A|||HN|463549144A~NM1|82|1||||||XX|1962447805~MOA|||MA01~DTM|050|20141205~SVC|HC^99309|104|68.25||1~DTM|472|20140710~CAS|CO|45|16.95||253|1.39~CAS|PR|2|17.41~REF|LU|32~REF|6R|1311706471Z1~AMT|B6|87.05~CLP|71-284|1|93|54.43|13.89|MB|2814339571670|33|1~NM1|QC|1|WHITNEY|GRACE|A|||HN|463549144A~NM1|82|1||||||XX|1952303547~MOA|||MA01~DTM|050|20141205~SVC|HC^99325|93|54.43||1~DTM|472|20140623~CAS|CO|45|23.57||253|1.11~CAS|PR|2|13.89~REF|LU|33~REF|6R|1312066281Z1~AMT|B6|69.43~CLP|71-241|1|104|68.25|17.41|MB|2814339571770|31|1~NM1|QC|1|WHITNEY|GRACE|A|||HN|463549144A~NM1|82|1||||||XX|1962447805~MOA|||MA01~DTM|050|20141205~SVC|HC^99309|104|68.25||1~DTM|472|20140724~CAS|CO|45|16.95||253|1.39~CAS|PR|2|17.41~REF|LU|31~REF|6R|1312079043Z1~AMT|B6|87.05~CLP|181-207|19|79|51.8|13.21|MB|2814339221190|32|1~NM1|QC|1|WILLIAMS|OSCAR|D|||HN|449343970A~NM1|82|1||||||XX|1962447805~NM1|TT|2|TX HEALTH & HUMAN SERVICES COMMI|||||PI|70051~MOA|||MA01|MA07~DTM|050|20141205~SVC|HC^99308|79|51.8||1~DTM|472|20140710~CAS|CO|45|12.93||253|1.06~CAS|PR|2|13.21~REF|LU|32~REF|6R|1311706470Z1~AMT|B6|66.07~CLP|118-206|19|51|33.58|8.57|MB|2814339221180|32|1~NM1|QC|1|WILSON|EUNICE|C|||HN|501261218A~NM1|82|1||||||XX|1962447805~NM1|TT|2|TX HEALTH & HUMAN SERVICES COMMI|||||PI|70051~MOA|||MA01|MA07~DTM|050|20141205~SVC|HC^99307|51|33.58||1~DTM|472|20140710~CAS|CO|45|8.16||253|.69~CAS|PR|2|8.57~REF|LU|32~REF|6R|1311706469Z1~AMT|B6|42.84~CLP|157-283|1|51|30.05|7.67|MB|2814339571560|31|1~NM1|QC|1|WOFFORD|LORENE||||HN|466264732D~NM1|82|1||||||XX|1952303547~MOA|||MA01~DTM|050|20141205~SVC|HC^99307|51|30.05||1~DTM|472|20140623~CAS|CO|45|12.67||253|.61~CAS|PR|2|7.67~REF|LU|31~REF|6R|1312061162Z1~AMT|B6|38.33~CLP|13-205|19|51|33.58|8.57|MB|2814339221160|32|1~NM1|QC|1|WREN|BILLIE|N|||HN|523465985A~NM1|82|1||||||XX|1962447805~NM1|TT|2|TX HEALTH & HUMAN SERVICES COMMI|||||PI|70051~MOA|||MA01|MA07~DTM|050|20141205~SVC|HC^99307|51|33.58||1~DTM|472|20140710~CAS|CO|45|8.16||253|.69~CAS|PR|2|8.57~REF|LU|32~REF|6R|1311706335Z1~AMT|B6|42.84~SE|1163|0002~GE|2|329~IEA|1|000000334~