ISA|00|          |00|          |ZZ|ZIRMED         |29|E12705         |141231|0629|U|00401|000000413|0|P|^~GS|HP|ZIRMED|E12705|20141231|0629|408|X|004010X091A1~ST|835|0001~BPR|H|0|C|NON||||||||||||20141231~TRN|1|458479595|1205296137~REF|EV|E12705~DTM|405|20141230~N1|PR|NOVITAS SOLUTIONS, INC.~N3|PO BOX 3110~N4|MECHANICSBURG|PA|170551826~REF|2U|04412~PER|CX||TE|8552528782~N1|PE|DFW GERIATRICS PLLC|XX|1063835361~N3|2925 SKYWAY CIRCLE NORTH~N4|IRVING|TX|750383510~REF|TJ|464596718~LX|1~CLP|117-1438|1|104|0||MB|2814358597270|33|1~NM1|QC|1|CHANCE|EUGENIA||||HN|466209252D~NM1|82|1||||||XX|1962447805~MOA|||MA01~DTM|050|20141224~SVC|HC^99309|104|0||||1~DTM|472|20141009~CAS|CO|58|104~REF|LU|33~REF|6R|1329970781Z1~CLP|285-1292|4|104|0||MB|2914357082750|31|1~NM1|QC|1|MCVAY|JD||||HN|466203547A~NM1|82|1||||||XX|1952303547~MOA|||MA130|MA61~DTM|050|20141223~SVC|HC^99309|104|0||||1~DTM|472|20141020~CAS|CO|140|104~REF|LU|31~REF|6R|1327941121Z1~LQ|HE|MA130~LQ|HE|MA61~CLP|285-1295|4|104|0||MB|2914357082910|31|1~NM1|QC|1|MCVAY|JD||||HN|466203547A~NM1|82|1||||||XX|1952303547~MOA|||MA130|MA61~DTM|050|20141223~SVC|HC^99309|104|0||||1~DTM|472|20141015~CAS|CO|140|104~REF|LU|31~REF|6R|1327952266Z1~LQ|HE|MA130~LQ|HE|MA61~SE|50|0001~ST|835|0002~BPR|I|11102.76|C|ACH|CCP|01|081517693|DA|152302017594|1205296137||01|111000025|DA|488038453432|20141231~TRN|1|889236849|1205296137~REF|EV|E12705~DTM|405|20141230~N1|PR|NOVITAS SOLUTIONS, INC.~N3|PO BOX 3110~N4|MECHANICSBURG|PA|170551826~REF|2U|04412~PER|CX||TE|8552528782~N1|PE|DFW GERIATRICS PLLC|XX|1063835361~N3|2925 SKYWAY CIRCLE NORTH~N4|IRVING|TX|750383510~REF|TJ|464596718~LX|1~CLP|4-721|19|104|68.25|17.41|MB|2814350276840|32|1~NM1|QC|1|ALLEN|GEORGIA||||HN|456442876A~NM1|82|1||||||XX|1962447805~NM1|TT|2|TX HEALTH & HUMAN SERVICES COMMI|||||PI|70051~MOA|||MA01|MA07~DTM|050|20141216~SVC|HC^99309|104|68.25||1~DTM|472|20140903~CAS|CO|45|16.95||253|1.39~CAS|PR|2|17.41~REF|LU|32~REF|6R|1320253856Z1~AMT|B6|87.05~CLP|189-724|19|104|68.25|17.41|MB|2814350277060|32|1~NM1|QC|1|ALLISON|RALPH||||HN|457701387A~NM1|82|1||||||XX|1962447805~NM1|TT|2|TX HEALTH & HUMAN SERVICES COMMI|||||PI|70051~MOA|||MA01|MA07~DTM|050|20141216~SVC|HC^99309|104|68.25||1~DTM|472|20140826~CAS|CO|45|16.95||253|1.39~CAS|PR|2|17.41~REF|LU|32~REF|6R|1320283119Z1~AMT|B6|87.05~CLP|7-732|19|104|68.25|17.41|MB|2814350276860|32|1~NM1|QC|1|BACCUS|MARILYN|D|||HN|466179221T~NM1|82|1||||||XX|1962447805~NM1|TT|2|TX HEALTH & HUMAN SERVICES COMMI|||||PI|70051~MOA|||MA01|MA07~DTM|050|20141216~SVC|HC^99309|104|68.25||1~DTM|472|20140903~CAS|CO|45|16.95||253|1.39~CAS|PR|2|17.41~REF|LU|32~REF|6R|1320253860Z1~AMT|B6|87.05~CLP|7-716|19|51|33.58|8.57|MB|2814350277000|32|1~NM1|QC|1|BACCUS|MARILYN|D|||HN|466179221T~NM1|82|1||||||XX|1962447805~NM1|TT|2|TX HEALTH & HUMAN SERVICES COMMI|||||PI|70051~MOA|||MA01|MA07~DTM|050|20141216~SVC|HC^99307|51|33.58||1~DTM|472|20140916~CAS|CO|45|8.16||253|.69~CAS|PR|2|8.57~REF|LU|32~REF|6R|1320283105Z1~AMT|B6|42.84~CLP|159-684|19|154|90.09|22.98|MB|2814350277210|33|1~NM1|QC|1|BARKER|M|L|||HN|450422259A~NM1|82|1||||||XX|1952303547~NM1|TT|2|TX HEALTH & HUMAN SERVICES COMMI|||||PI|70051~MOA|||MA01|MA07~DTM|050|20141216~SVC|HC^99336|154|90.09||1~DTM|472|20140918~CAS|CO|45|39.09||253|1.84~CAS|PR|2|22.98~REF|LU|33~REF|6R|1320320107Z1~AMT|B6|114.91~CLP|159-549|19|109|63.87|16.29|MB|2814350793920|33|1~NM1|QC|1|BARKER|M|L|||HN|450422259A~NM1|82|1||||||XX|1952303547~NM1|TT|2|TX HEALTH & HUMAN SERVICES COMMI|||||PI|70051~MOA|||MA01|MA07~DTM|050|20141216~SVC|HC^99335|109|63.87||1~DTM|472|20140828~CAS|CO|45|27.54||253|1.3~CAS|PR|2|16.29~REF|LU|33~REF|6R|1320854872Z1~AMT|B6|81.46~CLP|137-560|19|109|63.87|16.29|MB|2814351325680|33|1~NM1|QC|1|BARNETT|JERRELL|A|||HN|466441735A~NM1|82|1||||||XX|1952303547~NM1|TT|2|TX HEALTH & HUMAN SERVICES COMMI|||||PI|70051~MOA|||MA01|MA07~DTM|050|20141217~SVC|HC^99335|109|63.87||1~DTM|472|20140828~CAS|CO|45|27.54||253|1.3~CAS|PR|2|16.29~REF|LU|33~REF|6R|1321923820Z1~AMT|B6|81.46~CLP|10-725|19|104|68.25|17.41|MB|2814350277030|32|1~NM1|QC|1|BENNETT|HARRAL||||HN|450600318A~NM1|82|1||||||XX|1962447805~NM1|TT|2|TX HEALTH & HUMAN SERVICES COMMI|||||PI|70051~MOA|||MA01|MA07~DTM|050|20141216~SVC|HC^99309|104|68.25||1~DTM|472|20140916~CAS|CO|45|16.95||253|1.39~CAS|PR|2|17.41~REF|LU|32~REF|6R|1320283112Z1~AMT|B6|87.05~CLP|183-677|19|109|63.87|16.29|MB|2814350277180|33|1~NM1|QC|1|BERRY|PAULINE|M|||HN|462524013A~NM1|82|1||||||XX|1952303547~NM1|TT|2|TX HEALTH & HUMAN SERVICES COMMI|||||PI|70051~MOA|||MA01|MA07~DTM|050|20141216~SVC|HC^99335|109|63.87||1~DTM|472|20140916~CAS|CO|45|27.54||253|1.3~CAS|PR|2|16.29~REF|LU|33~REF|6R|1320320101Z1~AMT|B6|81.46~CLP|183-618|19|222|129.81|33.11|MB|2814351325920|33|1~NM1|QC|1|BERRY|PAULINE|M|||HN|462524013A~NM1|82|1||||||XX|1952303547~NM1|TT|2|TX HEALTH & HUMAN SERVICES COMMI|||||PI|70051~MOA|||MA01|MA07~DTM|050|20141217~SVC|HC^99337|222|129.81||1~DTM|472|20140910~CAS|CO|45|56.43||253|2.65~CAS|PR|2|33.11~REF|LU|33~REF|6R|1321930020Z1~AMT|B6|165.57~CLP|97-558|19|109|63.87|16.29|MB|2814351325660|33|1~NM1|QC|1|BLANCO|DANIEL|R|||HN|460120017A~NM1|82|1||||||XX|1952303547~NM1|TT|2|TX HEALTH & HUMAN SERVICES COMMI|||||PI|70051~MOA|||MA01|MA07~DTM|050|20141217~SVC|HC^99335|109|63.87||1~DTM|472|20140828~CAS|CO|45|27.54||253|1.3~CAS|PR|2|16.29~REF|LU|33~REF|6R|1321923818Z1~AMT|B6|81.46~CLP|119-746|19|222|129.81|33.11|MB|2814350277510|33|1~NM1|QC|1|BUNNELL|EVA|L|||HN|450201772D~NM1|82|1||||||XX|1952303547~NM1|TT|2|TX HEALTH & HUMAN SERVICES COMMI|||||PI|70051~MOA|||MA01|MA07~DTM|050|20141216~SVC|HC^99337|222|129.81||1~DTM|472|20140912~CAS|CO|45|56.43||253|2.65~CAS|PR|2|33.11~REF|LU|33~REF|6R|1320467992Z1~AMT|B6|165.57~CLP|119-550|19|222|129.81|33.11|MB|2814350793650|33|1~NM1|QC|1|BUNNELL|EVA|L|||HN|450201772D~NM1|82|1||||||XX|1952303547~NM1|TT|2|TX HEALTH & HUMAN SERVICES COMMI|||||PI|70051~MOA|||MA01|MA07~DTM|050|20141216~SVC|HC^99337|222|129.81||1~DTM|472|20140828~CAS|CO|45|56.43||253|2.65~CAS|PR|2|33.11~REF|LU|33~REF|6R|1320792262Z1~AMT|B6|165.57~CLP|119-583|19|109|63.87|16.29|MB|2814350794010|33|1~NM1|QC|1|BUNNELL|EVA|L|||HN|450201772D~NM1|82|1||||||XX|1952303547~NM1|TT|2|TX HEALTH & HUMAN SERVICES COMMI|||||PI|70051~MOA|||MA01|MA07~DTM|050|20141216~SVC|HC^99335|109|63.87||1~DTM|472|20140903~CAS|CO|45|27.54||253|1.3~CAS|PR|2|16.29~REF|LU|33~REF|6R|1320888878Z1~AMT|B6|81.46~CLP|119-625|19|222|129.81|33.11|MB|2814351325960|33|1~NM1|QC|1|BUNNELL|EVA|L|||HN|450201772D~NM1|82|1||||||XX|1952303547~NM1|TT|2|TX HEALTH & HUMAN SERVICES COMMI|||||PI|70051~MOA|||MA01|MA07~DTM|050|20141217~SVC|HC^99337|222|129.81||1~DTM|472|20140910~CAS|CO|45|56.43||253|2.65~CAS|PR|2|33.11~REF|LU|33~REF|6R|1321930025Z1~AMT|B6|165.57~CLP|16-722|19|104|68.25|17.41|MB|2814350277050|32|1~NM1|QC|1|BURCHETT|JAMES||||HN|456441264A~NM1|82|1||||||XX|1962447805~NM1|TT|2|TX HEALTH & HUMAN SERVICES COMMI|||||PI|70051~MOA|||MA01|MA07~DTM|050|20141216~SVC|HC^99309|104|68.25||1~DTM|472|20140916~CAS|CO|45|16.95||253|1.39~CAS|PR|2|17.41~REF|LU|32~REF|6R|1320283116Z1~AMT|B6|87.05~CLP|16-606|19|51|33.58|8.57|MB|2814350793660|32|1~NM1|QC|1|BURCHETT|JAMES||||HN|456441264A~NM1|82|1||||||XX|1962447805~NM1|TT|2|TX HEALTH & HUMAN SERVICES COMMI|||||PI|70051~MOA|||MA01|MA07~DTM|050|20141216~SVC|HC^99307|51|33.58||1~DTM|472|20140825~CAS|CO|45|8.16||253|.69~CAS|PR|2|8.57~REF|LU|32~REF|6R|1320797768Z1~AMT|B6|42.84~CLP|139-555|19|109|63.87|16.29|MB|2814351325640|33|1~NM1|QC|1|BUTNER|JOANN||||HN|457565807A~NM1|82|1||||||XX|1952303547~NM1|TT|2|HCSC-BCBS OF TX-FEP B ONLY|||||PI|80012~MOA|||MA01|MA18~DTM|050|20141217~SVC|HC^99335|109|63.87||1~DTM|472|20140828~CAS|CO|45|27.54||253|1.3~CAS|PR|2|16.29~REF|LU|33~REF|6R|1321923816Z1~AMT|B6|81.46~CLP|80-678|19|104|68.25|17.41|MB|2814350276620|32|1~NM1|QC|1|CAMPBELL|BENNIE||||HN|452629794A~NM1|82|1||||||XX|1962447805~NM1|TT|2|TX HEALTH & HUMAN SERVICES COMMI|||||PI|70051~MOA|||MA01|MA07~DTM|050|20141216~SVC|HC^99309|104|68.25||1~DTM|472|20140908~CAS|CO|45|16.95||253|1.39~CAS|PR|2|17.41~REF|LU|32~REF|6R|1320218451Z1~AMT|B6|87.05~CLP|117-588|19|104|61.06|15.58|MB|2814350793730|31|1~NM1|QC|1|CHANCE|EUGENIA||||HN|466209252D~NM1|82|1||||||XX|1952303547~NM1|TT|2|TX HEALTH & HUMAN SERVICES COMMI|||||PI|70051~MOA|||MA01|MA07~DTM|050|20141216~SVC|HC^99309|104|61.06||1~DTM|472|20140902~CAS|CO|45|26.11||253|1.25~CAS|PR|2|15.58~REF|LU|31~REF|6R|1320822871Z1~AMT|B6|77.89~CLP|82-544|19|104|61.06|15.58|MB|2814350793900|31|1~NM1|QC|1|CLARK|CAROLYN|L|||HN|457403636D~NM1|82|1||||||XX|1952303547~NM1|TT|2|UNITEDHEALTH GROUP|||||PI|30002~MOA|||MA01|MA18~DTM|050|20141216~SVC|HC^99309|104|61.06||1~DTM|472|20140825~CAS|CO|45|26.11||253|1.25~CAS|PR|2|15.58~REF|LU|31~REF|6R|1320854863Z1~AMT|B6|77.89~CLP|82-526|19|51|30.05|7.67|MB|2814351325540|31|1~NM1|QC|1|CLARK|CAROLYN|L|||HN|457403636D~NM1|82|1||||||XX|1952303547~NM1|TT|2|UNITEDHEALTH GROUP|||||PI|30002~MOA|||MA01|MA18~DTM|050|20141217~SVC|HC^99307|51|30.05||1~DTM|472|20140821~CAS|CO|45|12.67||253|.61~CAS|PR|2|7.67~REF|LU|31~REF|6R|1321923236Z1~AMT|B6|38.33~CLP|82-577|19|104|61.06|15.58|MB|2814351325840|31|1~NM1|QC|1|CLARK|CAROLYN|L|||HN|457403636D~NM1|82|1||||||XX|1952303547~NM1|TT|2|UNITEDHEALTH GROUP|||||PI|30002~MOA|||MA01|MA18~DTM|050|20141217~SVC|HC^99309|104|61.06||1~DTM|472|20140818~CAS|CO|45|26.11||253|1.25~CAS|PR|2|15.58~REF|LU|31~REF|6R|1321924007Z1~AMT|B6|77.89~CLP|235-776|1|120|78.09|19.92|MB|2814350277610|21|1~NM1|QC|1|PASCAL|CLAIRE|C|||HN|192260228A~NM1|82|1||||||XX|1962447805~MOA|||MA01|MA27~DTM|050|20141216~SVC|HC^99233|120|78.09||1~DTM|472|20140901~CAS|CO|45|20.4||253|1.59~CAS|PR|2|19.92~REF|LU|21~REF|6R|1320468041Z1~AMT|B6|99.6~CLP|92-600|19|51|33.58|8.57|MB|2814350793790|32|1~NM1|QC|1|COLLINS|VELMA||||HN|449463498D~NM1|82|1||||||XX|1962447805~NM1|TT|2|TX HEALTH & HUMAN SERVICES COMMI|||||PI|70051~MOA|||MA01|MA07~DTM|050|20141216~SVC|HC^99307|51|33.58||1~DTM|472|20140908~CAS|CO|45|8.16||253|.69~CAS|PR|2|8.57~REF|LU|32~REF|6R|1320845535Z1~AMT|B6|42.84~CLP|233-774|19|120|78.09|19.92|MB|2814350277630|21|1~NM1|QC|1|COMBS|ELBERT|O|||HN|463605228A~NM1|82|1||||||XX|1962447805~NM1|TT|2|CHCS SERVICES INC|||||PI|80081~MOA|||MA01|MA18~DTM|050|20141216~SVC|HC^99233|120|78.09||1~DTM|472|20140901~CAS|CO|45|20.4||253|1.59~CAS|PR|2|19.92~REF|LU|21~REF|6R|1320481156Z1~AMT|B6|99.6~CLP|63-620|19|155|90.82|23.17|MB|2814351325940|31|1~NM1|QC|1|CONNELL|WILLIAM|B|||HN|464589854A~NM1|82|1||||||XX|1952303547~NM1|TT|2|HCSC-BCBS OF TX-OTHER B ONLY|||||PI|00044~MOA|||MA01|MA18~DTM|050|20141217~SVC|HC^99310|155|90.82||1~DTM|472|20140910~CAS|CO|45|39.16||253|1.85~CAS|PR|2|23.17~REF|LU|31~REF|6R|1321930022Z1~AMT|B6|115.84~CLP|96-727|19|104|68.25|17.41|MB|2814350277070|32|1~NM1|QC|1|DANIEL|JAMES||||HN|457235517T~NM1|82|1||||||XX|1962447805~NM1|TT|2|TX HEALTH & HUMAN SERVICES COMMI|||||PI|70051~MOA|||MA01|MA07~DTM|050|20141216~SVC|HC^99309|104|68.25||1~DTM|472|20140826~CAS|CO|45|16.95||253|1.39~CAS|PR|2|17.41~REF|LU|32~REF|6R|1320283129Z1~AMT|B6|87.05~CLP|96-707|19|79|51.8|13.21|MB|2814350277300|32|1~NM1|QC|1|DANIEL|JAMES||||HN|457235517T~NM1|82|1||||||XX|1962447805~NM1|TT|2|TX HEALTH & HUMAN SERVICES COMMI|||||PI|70051~MOA|||MA01|MA07~DTM|050|20141216~SVC|HC^99308|79|51.8||1~DTM|472|20140916~CAS|CO|45|12.93||253|1.06~CAS|PR|2|13.21~REF|LU|32~REF|6R|1320320135Z1~AMT|B6|66.07~CLP|192-540|19|104|61.06|15.58|MB|2814350793750|31|1~NM1|QC|1|DAVIS|ANNIE|V|||HN|456224734A~NM1|82|1||||||XX|1952303547~NM1|TT|2|UNITED AMERICAN INSURANCE CO|||||PI|30034~MOA|||MA01|MA18~DTM|050|20141216~SVC|HC^99309|104|61.06||1~DTM|472|20140825~CAS|CO|45|26.11||253|1.25~CAS|PR|2|15.58~REF|LU|31~REF|6R|1320827267Z1~AMT|B6|77.89~CLP|192-552|19|222|129.81|33.11|MB|2814350793940|33|1~NM1|QC|1|DAVIS|ANNIE|V|||HN|456224734A~NM1|82|1||||||XX|1952303547~NM1|TT|2|UNITED AMERICAN INSURANCE CO|||||PI|30034~MOA|||MA01|MA18~DTM|050|20141216~SVC|HC^99337|222|129.81||1~DTM|472|20140828~CAS|CO|45|56.43||253|2.65~CAS|PR|2|33.11~REF|LU|33~REF|6R|1320854879Z1~AMT|B6|165.57~CLP|192-571|19|79|46.35|11.82|MB|2814351325790|31|1~NM1|QC|1|DAVIS|ANNIE|V|||HN|456224734A~NM1|82|1||||||XX|1952303547~NM1|TT|2|UNITED AMERICAN INSURANCE CO|||||PI|30034~MOA|||MA01|MA18~DTM|050|20141217~SVC|HC^99308|79|46.35||1~DTM|472|20140818~CAS|CO|45|19.88||253|.95~CAS|PR|2|11.82~REF|LU|31~REF|6R|1321924002Z1~AMT|B6|59.12~CLP|98-607|19|51|33.58|8.57|MB|2814350793680|32|1~NM1|QC|1|DELUNA|DAVID||||HN|466927987A~NM1|82|1||||||XX|1962447805~NM1|TT|2|TX HEALTH & HUMAN SERVICES COMMI|||||PI|70051~MOA|||MA01|MA27|MA07~DTM|050|20141216~SVC|HC^99307|51|33.58||1~DTM|472|20140825~CAS|CO|45|8.16||253|.69~CAS|PR|2|8.57~REF|LU|32~REF|6R|1320799603Z1~AMT|B6|42.84~CLP|164-693|19|51|33.58|8.57|MB|2814350276740|31|1~NM1|QC|1|DOMINGUEZ|MARIA||||HN|456542337A~NM1|82|1||||||XX|1962447805~NM1|TT|2|TX HEALTH & HUMAN SERVICES COMMI|||||PI|70051~MOA|||MA01|MA07~DTM|050|20141216~SVC|HC^99307|51|33.58||1~DTM|472|20140902~CAS|CO|45|8.16||253|.69~CAS|PR|2|8.57~REF|LU|31~REF|6R|1320218476Z1~AMT|B6|42.84~CLP|164-770|19|104|61.06|15.58|MB|2814350277470|31|1~NM1|QC|1|DOMINGUEZ|MARIA||||HN|456542337A~NM1|82|1||||||XX|1952303547~NM1|TT|2|TX HEALTH & HUMAN SERVICES COMMI|||||PI|70051~MOA|||MA01|MA07~DTM|050|20141216~SVC|HC^99309|104|61.06||1~DTM|472|20140917~CAS|CO|45|26.11||253|1.25~CAS|PR|2|15.58~REF|LU|31~REF|6R|1320446608Z1~AMT|B6|77.89~CLP|164-582|19|70|40.79|10.4|MB|2814350794000|33|1~NM1|QC|1|DOMINGUEZ|MARIA||||HN|456542337A~NM1|82|1||||||XX|1952303547~NM1|TT|2|TX HEALTH & HUMAN SERVICES COMMI|||||PI|70051~MOA|||MA01|MA07~DTM|050|20141216~SVC|HC^99334|70|40.79||1~DTM|472|20140903~CAS|CO|45|17.98||253|.83~CAS|PR|2|10.4~REF|LU|33~REF|6R|1320862930Z1~AMT|B6|52.02~CLP|182-749|19|109|63.87|16.29|MB|2814350277580|33|1~NM1|QC|1|EDWARDS|PATSY|R|||HN|455501964A~NM1|82|1||||||XX|1952303547~NM1|TT|2|NORTH AMERICAN INSURANCE COMPANY|||||PI|30155~MOA|||MA01|MA18~DTM|050|20141216~SVC|HC^99335|109|63.87||1~DTM|472|20140912~CAS|CO|45|27.54||253|1.3~CAS|PR|2|16.29~REF|LU|33~REF|6R|1320468010Z1~AMT|B6|81.46~CLP|108-532|19|109|63.87|16.29|MB|2814351325600|33|1~NM1|QC|1|EGBUNIWE|GEORGE|I|||HN|456154959A~NM1|82|1||||||XX|1952303547~NM1|TT|2|TX HEALTH & HUMAN SERVICES COMMI|||||PI|70051~MOA|||MA01|MA07~DTM|050|20141217~SVC|HC^99335|109|63.87||1~DTM|472|20140820~CAS|CO|45|27.54||253|1.3~CAS|PR|2|16.29~REF|LU|33~REF|6R|1321923242Z1~AMT|B6|81.46~CLP|110-687|19|104|68.25|17.41|MB|2814350276730|32|1~NM1|QC|1|ELLIS|JOHNNY|R|||HN|455964775A~NM1|82|1||||||XX|1962447805~NM1|TT|2|TX HEALTH & HUMAN SERVICES COMMI|||||PI|70051~MOA|||MA01|MA07~DTM|050|20141216~SVC|HC^99309|104|68.25||1~DTM|472|20140908~CAS|CO|45|16.95||253|1.39~CAS|PR|2|17.41~REF|LU|32~REF|6R|1320218475Z1~AMT|B6|87.05~CLP|114-759|1|120|78.09|19.92|MB|2814350277650|21|1~NM1|QC|1|ESCOBEDO|BEVERLY|H|||HN|534385641A~NM1|82|1||||||XX|1962447805~MOA|||MA01~DTM|050|20141216~SVC|HC^99233|120|78.09||1~DTM|472|20140901~CAS|CO|45|20.4||253|1.59~CAS|PR|2|19.92~REF|LU|21~REF|6R|1320482674Z1~AMT|B6|99.6~CLP|147-652|19|51|33.58|8.57|MB|2814350277360|32|1~NM1|QC|1|FIELDS|JOYCE||||HN|450487270A~NM1|82|1||||||XX|1962447805~NM1|TT|2|TX HEALTH & HUMAN SERVICES COMMI|||||PI|70051~MOA|||MA01|MA07~DTM|050|20141216~SVC|HC^99307|51|33.58||1~DTM|472|20140922~CAS|CO|45|8.16||253|.69~CAS|PR|2|8.57~REF|LU|32~REF|6R|1320342589Z1~AMT|B6|42.84~CLP|147-609|19|51|33.58|8.57|MB|2814350793960|32|1~NM1|QC|1|FIELDS|JOYCE||||HN|450487270A~NM1|82|1||||||XX|1962447805~NM1|TT|2|TX HEALTH & HUMAN SERVICES COMMI|||||PI|70051~MOA|||MA01|MA07~DTM|050|20141216~SVC|HC^99307|51|33.58||1~DTM|472|20140825~CAS|CO|45|8.16||253|.69~CAS|PR|2|8.57~REF|LU|32~REF|6R|1320858650Z1~AMT|B6|42.84~CLP|127-673|19|104|68.25|17.41|MB|2814350276660|32|1~NM1|QC|1|GALIMORE|FELIXD||||HN|439522668A~NM1|82|1||||||XX|1962447805~NM1|TT|2|TX HEALTH & HUMAN SERVICES COMMI|||||PI|70051~MOA|||MA01|MA07~DTM|050|20141216~SVC|HC^99309|104|68.25||1~DTM|472|20140908~CAS|CO|45|16.95||253|1.39~CAS|PR|2|17.41~REF|LU|32~REF|6R|1320218463Z1~AMT|B6|87.05~CLP|127-705|19|104|68.25|17.41|MB|2814350277290|32|1~NM1|QC|1|GALIMORE|FELIXD||||HN|439522668A~NM1|82|1||||||XX|1962447805~NM1|TT|2|TX HEALTH & HUMAN SERVICES COMMI|||||PI|70051~MOA|||MA01|MA07~DTM|050|20141216~SVC|HC^99309|104|68.25||1~DTM|472|20140916~CAS|CO|45|16.95||253|1.39~CAS|PR|2|17.41~REF|LU|32~REF|6R|1320320132Z1~AMT|B6|87.05~CLP|172-629|19|104|68.25|17.41|MB|2814350276540|31|1~NM1|QC|1|GUENTHER|MAXINE||||HN|510161715A~NM1|82|1||||||XX|1962447805~NM1|TT|2|UNITEDHEALTH GROUP|||||PI|30002~MOA|||MA01|MA18~DTM|050|20141216~SVC|HC^99309|104|68.25||1~DTM|472|20140902~CAS|CO|45|16.95||253|1.39~CAS|PR|2|17.41~REF|LU|31~REF|6R|1320199939Z1~AMT|B6|87.05~CLP|172-587|19|51|30.05|7.67|MB|2814350794040|31|1~NM1|QC|1|GUENTHER|MAXINE||||HN|510161715A~NM1|82|1||||||XX|1952303547~NM1|TT|2|UNITEDHEALTH GROUP|||||PI|30002~MOA|||MA01|MA18~DTM|050|20141216~SVC|HC^99307|51|30.05||1~DTM|472|20140903~CAS|CO|45|12.67||253|.61~CAS|PR|2|7.67~REF|LU|31~REF|6R|1320888881Z1~AMT|B6|38.33~CLP|172-554|19|51|30.05|7.67|MB|2814351325630|31|1~NM1|QC|1|GUENTHER|MAXINE||||HN|510161715A~NM1|82|1||||||XX|1952303547~NM1|TT|2|UNITEDHEALTH GROUP|||||PI|30002~MOA|||MA01|MA18~DTM|050|20141217~SVC|HC^99307|51|30.05||1~DTM|472|20140828~CAS|CO|45|12.67||253|.61~CAS|PR|2|7.67~REF|LU|31~REF|6R|1321923815Z1~AMT|B6|38.33~CLP|162-680|19|104|61.06|15.58|MB|2814350277190|31|1~NM1|QC|1|HAANAN|MARGARE|L|||HN|111280962A~NM1|82|1||||||XX|1952303547~NM1|TT|2|STATE FARM AUTOMOBILE INSUR CO.|||||PI|30159~MOA|||MA01|MA18~DTM|050|20141216~SVC|HC^99309|104|61.06||1~DTM|472|20140916~CAS|CO|45|26.11||253|1.25~CAS|PR|2|15.58~REF|LU|31~REF|6R|1320320102Z1~AMT|B6|77.89~CLP|162-644|19|155|90.82|23.17|MB|2814351326070|31|1~NM1|QC|1|HAANAN|MARGARE|L|||HN|111280962A~NM1|82|1||||||XX|1952303547~NM1|TT|2|STATE FARM AUTOMOBILE INSUR CO.|||||PI|30159~MOA|||MA01|MA18~DTM|050|20141217~SVC|HC^99310|155|90.82||1~DTM|472|20140912~CAS|CO|45|39.16||253|1.85~CAS|PR|2|23.17~REF|LU|31~REF|6R|1321942374Z1~AMT|B6|115.84~CLP|160-608|19|104|68.25|17.41|MB|2814350276520|31|1~NM1|QC|1|HILTON|MAECEIL||||HN|450608307A~NM1|82|1||||||XX|1962447805~NM1|TT|2|MUTUAL OF OMAHA INSURANCE COMP|||||PI|30090~MOA|||MA01|MA18~DTM|050|20141216~SVC|HC^99309|104|68.25||1~DTM|472|20140911~CAS|CO|45|16.95||253|1.39~CAS|PR|2|17.41~REF|LU|31~REF|6R|1320199927Z1~AMT|B6|87.05~CLP|160-633|19|104|68.25|17.41|MB|2814350276550|31|1~NM1|QC|1|HILTON|MAECEIL||||HN|450608307A~NM1|82|1||||||XX|1962447805~NM1|TT|2|MUTUAL OF OMAHA INSURANCE COMP|||||PI|30090~MOA|||MA01|MA18~DTM|050|20141216~SVC|HC^99309|104|68.25||1~DTM|472|20140902~CAS|CO|45|16.95||253|1.39~CAS|PR|2|17.41~REF|LU|31~REF|6R|1320199940Z1~AMT|B6|87.05~CLP|160-530|19|222|129.81|33.11|MB|2814351325580|33|1~NM1|QC|1|HILTON|MAECEIL||||HN|450608307A~NM1|82|1||||||XX|1952303547~NM1|TT|2|MUTUAL OF OMAHA INSURANCE COMP|||||PI|30090~MOA|||MA01|MA18~DTM|050|20141217~SVC|HC^99337|222|129.81||1~DTM|472|20140821~CAS|CO|45|56.43||253|2.65~CAS|PR|2|33.11~REF|LU|33~REF|6R|1321923240Z1~AMT|B6|165.57~CLP|219-632|19|109|63.87|16.29|MB|2814351326030|33|1~NM1|QC|1|HOOVER|MINNIE|B|||HN|465549405M~NM1|82|1||||||XX|1952303547~NM1|TT|2|TX HEALTH & HUMAN SERVICES COMMI|||||PI|70051~MOA|||MA01|MA07~DTM|050|20141217~SVC|HC^99335|109|63.87||1~DTM|472|20140904~CAS|CO|45|27.54||253|1.3~CAS|PR|2|16.29~REF|LU|33~REF|6R|1321942369Z1~AMT|B6|81.46~CLP|226-758|19|104|68.25|17.41|MB|2814351326130|32|1~NM1|QC|1|HOUSE|MELVIN||||HN|271329525A~NM1|82|1||||||XX|1962447805~NM1|TT|2|TX HEALTH & HUMAN SERVICES COMMI|||||PI|70051~MOA|||MA01|MA07~DTM|050|20141217~SVC|HC^99309|104|68.25||1~DTM|472|20140826~CAS|CO|45|16.95||253|1.39~CAS|PR|2|17.41~REF|LU|32~REF|6R|1321942646Z1~AMT|B6|87.05~CLP|171-547|19|70|40.79|10.4|MB|2814350793770|33|1~NM1|QC|1|HUYNH|MAU|T|||HN|640241790A~NM1|82|1||||||XX|1952303547~NM1|TT|2|TX HEALTH & HUMAN SERVICES COMMI|||||PI|70051~MOA|||MA01|MA07~DTM|050|20141216~SVC|HC^99334|70|40.79||1~DTM|472|20140828~CAS|CO|45|17.98||253|.83~CAS|PR|2|10.4~REF|LU|33~REF|6R|1320838247Z1~AMT|B6|52.02~CLP|136-670|19|104|68.25|17.41|MB|2814350276650|32|1~NM1|QC|1|JEFFERY|JOHN|H|||HN|467644818A~NM1|82|1||||||XX|1962447805~NM1|TT|2|TX HEALTH & HUMAN SERVICES COMMI|||||PI|70051~MOA|||MA01|MA07~DTM|050|20141216~SVC|HC^99309|104|68.25||1~DTM|472|20140908~CAS|CO|45|16.95||253|1.39~CAS|PR|2|17.41~REF|LU|32~REF|6R|1320218459Z1~AMT|B6|87.05~CLP|218-634|19|79|51.8|13.21|MB|2814350276560|31|1~NM1|QC|1|JEFFREY|JOHN|G|||HN|450546301A~NM1|82|1||||||XX|1962447805~NM1|TT|2|WPS - TRICARE FOR LIFE|||||PI|60000~MOA|||MA01|MA18~DTM|050|20141216~SVC|HC^99308|79|51.8||1~DTM|472|20140902~CAS|CO|45|12.93||253|1.06~CAS|PR|2|13.21~REF|LU|31~REF|6R|1320199941Z1~AMT|B6|66.07~CLP|218-646|19|104|61.06|15.58|MB|2814350277530|31|1~NM1|QC|1|JEFFREY|JOHN|G|||HN|450546301A~NM1|82|1||||||XX|1952303547~NM1|TT|2|WPS - TRICARE FOR LIFE|||||PI|60000~MOA|||MA01|MA18~DTM|050|20141216~SVC|HC^99309|104|61.06||1~DTM|472|20140912~CAS|CO|45|26.11||253|1.25~CAS|PR|2|15.58~REF|LU|31~REF|6R|1320467996Z1~AMT|B6|77.89~CLP|218-551|19|104|61.06|15.58|MB|2814350793930|31|1~NM1|QC|1|JEFFREY|JOHN|G|||HN|450546301A~NM1|82|1||||||XX|1952303547~NM1|TT|2|WPS - TRICARE FOR LIFE|||||PI|60000~MOA|||MA01|MA18~DTM|050|20141216~SVC|HC^99309|104|61.06||1~DTM|472|20140828~CAS|CO|45|26.11||253|1.25~CAS|PR|2|15.58~REF|LU|31~REF|6R|1320854873Z1~AMT|B6|77.89~CLP|218-585|19|51|30.05|7.67|MB|2814350794030|31|1~NM1|QC|1|JEFFREY|JOHN|G|||HN|450546301A~NM1|82|1||||||XX|1952303547~NM1|TT|2|WPS - TRICARE FOR LIFE|||||PI|60000~MOA|||MA01|MA18~DTM|050|20141216~SVC|HC^99307|51|30.05||1~DTM|472|20140903~CAS|CO|45|12.67||253|.61~CAS|PR|2|7.67~REF|LU|31~REF|6R|1320888880Z1~AMT|B6|38.33~CLP|218-647|19|51|30.05|7.67|MB|2814351326000|31|1~NM1|QC|1|JEFFREY|JOHN|G|||HN|450546301A~NM1|82|1||||||XX|1952303547~NM1|TT|2|WPS - TRICARE FOR LIFE|||||PI|60000~MOA|||MA01|MA18~DTM|050|20141217~SVC|HC^99307|51|30.05||1~DTM|472|20140910~CAS|CO|45|12.67||253|.61~CAS|PR|2|7.67~REF|LU|31~REF|6R|1321930029Z1~AMT|B6|38.33~CLP|207-747|19|51|30.05|7.67|MB|2814350277560|31|1~NM1|QC|1|JOHNSON|ROSEMARY|R|||HN|462149741A~NM1|82|1||||||XX|1952303547~NM1|TT|2|UNITEDHEALTH GROUP|||||PI|30002~MOA|||MA01|MA18~DTM|050|20141216~SVC|HC^99307|51|30.05||1~DTM|472|20140912~CAS|CO|45|12.67||253|.61~CAS|PR|2|7.67~REF|LU|31~REF|6R|1320468002Z1~AMT|B6|38.33~CLP|207-751|19|104|68.25|17.41|MB|2814350277590|31|1~NM1|QC|1|JOHNSON|ROSEMARY|R|||HN|462149741A~NM1|82|1||||||XX|1962447805~NM1|TT|2|UNITEDHEALTH GROUP|||||PI|30002~MOA|||MA01|MA18~DTM|050|20141216~SVC|HC^99309|104|68.25||1~DTM|472|20140902~CAS|CO|45|16.95||253|1.39~CAS|PR|2|17.41~REF|LU|31~REF|6R|1320468011Z1~AMT|B6|87.05~CLP|207-568|19|104|61.06|15.58|MB|2814351325760|31|1~NM1|QC|1|JOHNSON|ROSEMARY|R|||HN|462149741A~NM1|82|1||||||XX|1952303547~NM1|TT|2|UNITEDHEALTH GROUP|||||PI|30002~MOA|||MA01|MA18~DTM|050|20141217~SVC|HC^99309|104|61.06||1~DTM|472|20140818~CAS|CO|45|26.11||253|1.25~CAS|PR|2|15.58~REF|LU|31~REF|6R|1321923999Z1~AMT|B6|77.89~CLP|144-674|19|104|61.06|15.58|MB|2814350277130|31|1~NM1|QC|1|JONES|FRANCES|C|||HN|254282932D6~NM1|82|1||||||XX|1952303547~NM1|TT|2|UNITEDHEALTH GROUP|||||PI|30002~MOA|||MA01|MA18~DTM|050|20141216~SVC|HC^99309|104|61.06||1~DTM|472|20140916~CAS|CO|45|26.11||253|1.25~CAS|PR|2|15.58~REF|LU|31~REF|6R|1320320092Z1~AMT|B6|77.89~CLP|144-769|19|51|30.05|7.67|MB|2814350277490|31|1~NM1|QC|1|JONES|FRANCES|C|||HN|254282932D6~NM1|82|1||||||XX|1952303547~NM1|TT|2|UNITEDHEALTH GROUP|||||PI|30002~MOA|||MA01|MA18~DTM|050|20141216~SVC|HC^99307|51|30.05||1~DTM|472|20140917~CAS|CO|45|12.67||253|.61~CAS|PR|2|7.67~REF|LU|31~REF|6R|1320446620Z1~AMT|B6|38.33~CLP|144-586|19|70|40.79|10.4|MB|2814350793720|33|1~NM1|QC|1|JONES|FRANCES|C|||HN|254282932D6~NM1|82|1||||||XX|1952303547~NM1|TT|2|UNITEDHEALTH GROUP|||||PI|30002~MOA|||MA01|MA18~DTM|050|20141216~SVC|HC^99334|70|40.79||1~DTM|472|20140903~CAS|CO|45|17.98||253|.83~CAS|PR|2|10.4~REF|LU|33~REF|6R|1320818985Z1~AMT|B6|52.02~CLP|59-669|19|79|46.35|11.82|MB|2814350277150|31|1~NM1|QC|1|KEILSON|GERALD|R|||HN|462301721A~NM1|82|1||||||XX|1952303547~NM1|TT|2|AMA INSURANCE AGENCY, INC.|||||PI|30150~MOA|||MA01|MA18~DTM|050|20141216~SVC|HC^99308|79|46.35||1~DTM|472|20140916~CAS|CO|45|19.88||253|.95~CAS|PR|2|11.82~REF|LU|31~REF|6R|1320320094Z1~AMT|B6|59.12~CLP|59-694|19|79|46.35|11.82|MB|2814350277230|31|1~NM1|QC|1|KEILSON|GERALD|R|||HN|462301721A~NM1|82|1||||||XX|1952303547~NM1|TT|2|AMA INSURANCE AGENCY, INC.|||||PI|30150~MOA|||MA01|MA18~DTM|050|20141216~SVC|HC^99308|79|46.35||1~DTM|472|20140918~CAS|CO|45|19.88||253|.95~CAS|PR|2|11.82~REF|LU|31~REF|6R|1320320109Z1~AMT|B6|59.12~CLP|59-623|19|104|61.06|15.58|MB|2814351325950|31|1~NM1|QC|1|KEILSON|GERALD|R|||HN|462301721A~NM1|82|1||||||XX|1952303547~NM1|TT|2|AMA INSURANCE AGENCY, INC.|||||PI|30150~MOA|||MA01|MA18~DTM|050|20141217~SVC|HC^99309|104|61.06||1~DTM|472|20140910~CAS|CO|45|26.11||253|1.25~CAS|PR|2|15.58~REF|LU|31~REF|6R|1321930024Z1~AMT|B6|77.89~CLP|153-698|19|70|40.79|10.4|MB|2814350277240|33|1~NM1|QC|1|KNIGHT|RENNIE||||HN|453423885A~NM1|82|1||||||XX|1952303547~NM1|TT|2|TX HEALTH & HUMAN SERVICES COMMI|||||PI|70051~MOA|||MA01|MA07~DTM|050|20141216~SVC|HC^99334|70|40.79||1~DTM|472|20140918~CAS|CO|45|17.98||253|.83~CAS|PR|2|10.4~REF|LU|33~REF|6R|1320320116Z1~AMT|B6|52.02~CLP|153-565|19|109|63.87|16.29|MB|2814351325720|33|1~NM1|QC|1|KNIGHT|RENNIE||||HN|453423885A~NM1|82|1||||||XX|1952303547~NM1|TT|2|TX HEALTH & HUMAN SERVICES COMMI|||||PI|70051~MOA|||MA01|MA07~DTM|050|20141217~SVC|HC^99335|109|63.87||1~DTM|472|20140827~CAS|CO|45|27.54||253|1.3~CAS|PR|2|16.29~REF|LU|33~REF|6R|1321923824Z1~AMT|B6|81.46~CLP|154-735|19|104|68.25|17.41|MB|2814350276880|32|1~NM1|QC|1|LANGLEY|JIMMY||||HN|456584415A~NM1|82|1||||||XX|1962447805~NM1|TT|2|TX HEALTH & HUMAN SERVICES COMMI|||||PI|70051~MOA|||MA01|MA07~DTM|050|20141216~SVC|HC^99309|104|68.25||1~DTM|472|20140903~CAS|CO|45|16.95||253|1.39~CAS|PR|2|17.41~REF|LU|32~REF|6R|1320253863Z1~AMT|B6|87.05~CLP|211-621|19|104|68.25|17.41|MB|2814350276530|31|1~NM1|QC|1|LEE|VERNIA|L|||HN|432567439B~NM1|82|1||||||XX|1962447805~NM1|TT|2|HCSC-BCBS OF TEXAS-STD A & B|||||PI|30028~MOA|||MA01|MA18~DTM|050|20141216~SVC|HC^99309|104|68.25||1~DTM|472|20140911~CAS|CO|45|16.95||253|1.39~CAS|PR|2|17.41~REF|LU|31~REF|6R|1320199936Z1~AMT|B6|87.05~CLP|211-559|19|155|90.82|23.17|MB|2814351325670|31|1~NM1|QC|1|LEE|VERNIA|L|||HN|432567439B~NM1|82|1||||||XX|1952303547~NM1|TT|2|HCSC-BCBS OF TEXAS-STD A & B|||||PI|30028~MOA|||MA01|MA18~DTM|050|20141217~SVC|HC^99310|155|90.82||1~DTM|472|20140828~CAS|CO|45|39.16||253|1.85~CAS|PR|2|23.17~REF|LU|31~REF|6R|1321923819Z1~AMT|B6|115.84~CLP|5-706|19|51|33.58|8.57|MB|2814350276820|31|1~NM1|QC|1|MALLINGER|ANNE|C|||HN|345102566D~NM1|82|1||||||XX|1962447805~NM1|TT|2|UNITEDHEALTH GROUP|||||PI|30002~MOA|||MA01|MA18~DTM|050|20141216~SVC|HC^99307|51|33.58||1~DTM|472|20140902~CAS|CO|45|8.16||253|.69~CAS|PR|2|8.57~REF|LU|31~REF|6R|1320253853Z1~AMT|B6|42.84~CLP|5-661|19|109|63.87|16.29|MB|2814350277400|33|1~NM1|QC|1|MALLINGER|ANNE|C|||HN|345102566D~NM1|82|1||||||XX|1952303547~NM1|TT|2|UNITEDHEALTH GROUP|||||PI|30002~MOA|||MA01|MA18~DTM|050|20141216~SVC|HC^99335|109|63.87||1~DTM|472|20140917~CAS|CO|45|27.54||253|1.3~CAS|PR|2|16.29~REF|LU|33~REF|6R|1320342600Z1~AMT|B6|81.46~CLP|5-557|19|109|63.87|16.29|MB|2814351325650|33|1~NM1|QC|1|MALLINGER|ANNE|C|||HN|345102566D~NM1|82|1||||||XX|1952303547~NM1|TT|2|UNITEDHEALTH GROUP|||||PI|30002~MOA|||MA01|MA18~DTM|050|20141217~SVC|HC^99335|109|63.87||1~DTM|472|20140828~CAS|CO|45|27.54||253|1.3~CAS|PR|2|16.29~REF|LU|33~REF|6R|1321923817Z1~AMT|B6|81.46~CLP|25-567|19|109|63.87|16.29|MB|2814351325750|33|1~NM1|QC|1|MARTINEZ|ROSA||||HN|564746716D~NM1|82|1||||||XX|1952303547~NM1|TT|2|TX HEALTH & HUMAN SERVICES COMMI|||||PI|70051~MOA|||MA01|MA07~DTM|050|20141217~SVC|HC^99335|109|63.87||1~DTM|472|20140827~CAS|CO|45|27.54||253|1.3~CAS|PR|2|16.29~REF|LU|33~REF|6R|1321923998Z1~AMT|B6|81.46~CLP|1-695|1|79|51.8|13.21|MB|2814350276770|31|1~NM1|QC|1|MCVAY|JOHN||||HN|454307513A~NM1|82|1||||||XX|1962447805~MOA|||MA01~DTM|050|20141216~SVC|HC^99308|79|51.8||1~DTM|472|20140902~CAS|CO|45|12.93||253|1.06~CAS|PR|2|13.21~REF|LU|31~REF|6R|1320253843Z1~AMT|B6|66.07~CLP|1-535|1|222|129.81|33.11|MB|2814350793830|33|1~NM1|QC|1|MCVAY|JOHN||||HN|454307513A~NM1|82|1||||||XX|1952303547~MOA|||MA01~DTM|050|20141216~SVC|HC^99337|222|129.81||1~DTM|472|20140825~CAS|CO|45|56.43||253|2.65~CAS|PR|2|33.11~REF|LU|33~REF|6R|1320854844Z1~AMT|B6|165.57~CLP|1-528|1|109|63.87|16.29|MB|2814351325560|33|1~NM1|QC|1|MCVAY|JOHN||||HN|454307513A~NM1|82|1||||||XX|1952303547~MOA|||MA01~DTM|050|20141217~SVC|HC^99335|109|63.87||1~DTM|472|20140821~CAS|CO|45|27.54||253|1.3~CAS|PR|2|16.29~REF|LU|33~REF|6R|1321923238Z1~AMT|B6|81.46~CLP|21-686|19|104|61.06|15.58|MB|2814350277160|31|1~NM1|QC|1|MEDINA|ROBERT||||HN|456681659A~NM1|82|1||||||XX|1952303547~NM1|TT|2|UNITEDHEALTH GROUP|||||PI|30002~MOA|||MA01|MA18~DTM|050|20141216~SVC|HC^99309|104|61.06||1~DTM|472|20140918~CAS|CO|45|26.11||253|1.25~CAS|PR|2|15.58~REF|LU|31~REF|6R|1320320098Z1~AMT|B6|77.89~CLP|21-768|19|51|30.05|7.67|MB|2814350277480|31|1~NM1|QC|1|MEDINA|ROBERT||||HN|456681659A~NM1|82|1||||||XX|1952303547~NM1|TT|2|UNITEDHEALTH GROUP|||||PI|30002~MOA|||MA01|MA18~DTM|050|20141216~SVC|HC^99307|51|30.05||1~DTM|472|20140916~CAS|CO|45|12.67||253|.61~CAS|PR|2|7.67~REF|LU|31~REF|6R|1320446614Z1~AMT|B6|38.33~CLP|21-617|19|104|61.06|15.58|MB|2814351325910|31|1~NM1|QC|1|MEDINA|ROBERT||||HN|456681659A~NM1|82|1||||||XX|1952303547~NM1|TT|2|UNITEDHEALTH GROUP|||||PI|30002~MOA|||MA01|MA18~DTM|050|20141217~SVC|HC^99309|104|61.06||1~DTM|472|20140910~CAS|CO|45|26.11||253|1.25~CAS|PR|2|15.58~REF|LU|31~REF|6R|1321930019Z1~AMT|B6|77.89~CLP|28-569|1|51|30.05|7.67|MB|2814351325770|31|1~NM1|QC|1|MILBURN|RUBY|L|||HN|456096649D~NM1|82|1||||||XX|1952303547~MOA|||MA01~DTM|050|20141217~SVC|HC^99307|51|30.05||1~DTM|472|20140814~CAS|CO|45|12.67||253|.61~CAS|PR|2|7.67~REF|LU|31~REF|6R|1321924000Z1~AMT|B6|38.33~CLP|28-570|1|104|61.06|15.58|MB|2814351325780|31|1~NM1|QC|1|MILBURN|RUBY|L|||HN|456096649D~NM1|82|1||||||XX|1952303547~MOA|||MA01~DTM|050|20141217~SVC|HC^99309|104|61.06||1~DTM|472|20140818~CAS|CO|45|26.11||253|1.25~CAS|PR|2|15.58~REF|LU|31~REF|6R|1321924001Z1~AMT|B6|77.89~CLP|214-639|19|104|68.25|17.41|MB|2814350276570|31|1~NM1|QC|1|MILLER|WILLIAM|C|||HN|458344463A~NM1|82|1||||||XX|1962447805~NM1|TT|2|AETNA, INC.|||||PI|00060~MOA|||MA01|MA18~DTM|050|20141216~SVC|HC^99309|104|68.25||1~DTM|472|20140902~CAS|CO|45|16.95||253|1.39~CAS|PR|2|17.41~REF|LU|31~REF|6R|1320199944Z1~AMT|B6|87.05~CLP|214-762|19|51|30.05|7.67|MB|2814350277420|31|1~NM1|QC|1|MILLER|WILLIAM|C|||HN|458344463A~NM1|82|1||||||XX|1952303547~NM1|TT|2|AETNA, INC.|||||PI|00060~MOA|||MA01|MA18~DTM|050|20141216~SVC|HC^99307|51|30.05||1~DTM|472|20140918~CAS|CO|45|12.67||253|.61~CAS|PR|2|7.67~REF|LU|31~REF|6R|1320446599Z1~AMT|B6|38.33~CLP|173-676|19|104|68.25|17.41|MB|2814350276680|32|1~NM1|QC|1|MITCHELL|CARL|W|||HN|449686350A~NM1|82|1||||||XX|1962447805~NM1|TT|2|TX HEALTH & HUMAN SERVICES COMMI|||||PI|70051~MOA|||MA01|MA07~DTM|050|20141216~SVC|HC^99309|104|68.25||1~DTM|472|20140908~CAS|CO|45|16.95||253|1.39~CAS|PR|2|17.41~REF|LU|32~REF|6R|1320218465Z1~AMT|B6|87.05~CLP|29-667|19|104|61.06|15.58|MB|2814350277140|31|1~NM1|QC|1|MOFFATT|RUBY|S|||HN|511149871B~NM1|82|1||||||XX|1952303547~NM1|TT|2|NORTH AMERICAN INSURANCE COMPANY|||||PI|30155~MOA|||MA01|MA18~DTM|050|20141216~SVC|HC^99309|104|61.06||1~DTM|472|20140916~CAS|CO|45|26.11||253|1.25~CAS|PR|2|15.58~REF|LU|31~REF|6R|1320320093Z1~AMT|B6|77.89~CLP|29-743|19|104|61.06|15.58|MB|2814350277520|31|1~NM1|QC|1|MOFFATT|RUBY|S|||HN|511149871B~NM1|82|1||||||XX|1952303547~NM1|TT|2|NORTH AMERICAN INSURANCE COMPANY|||||PI|30155~MOA|||MA01|MA18~DTM|050|20141216~SVC|HC^99309|104|61.06||1~DTM|472|20140912~CAS|CO|45|26.11||253|1.25~CAS|PR|2|15.58~REF|LU|31~REF|6R|1320467995Z1~AMT|B6|77.89~CLP|29-619|19|104|61.06|15.58|MB|2814351325930|31|1~NM1|QC|1|MOFFATT|RUBY|S|||HN|511149871B~NM1|82|1||||||XX|1952303547~NM1|TT|2|NORTH AMERICAN INSURANCE COMPANY|||||PI|30155~MOA|||MA01|MA18~DTM|050|20141217~SVC|HC^99309|104|61.06||1~DTM|472|20140910~CAS|CO|45|26.11||253|1.25~CAS|PR|2|15.58~REF|LU|31~REF|6R|1321930021Z1~AMT|B6|77.89~CLP|113-648|19|104|68.25|17.41|MB|2814350276600|31|1~NM1|QC|1|MOORE|ERNEST|A|||HN|563407942A~NM1|82|1||||||XX|1962447805~NM1|TT|2|AETNA, INC.|||||PI|00060~MOA|||MA01|MA18~DTM|050|20141216~SVC|HC^99309|104|68.25||1~DTM|472|20140902~CAS|CO|45|16.95||253|1.39~CAS|PR|2|17.41~REF|LU|31~REF|6R|1320199951Z1~AMT|B6|87.05~CLP|113-691|19|104|61.06|15.58|MB|2814350277170|31|1~NM1|QC|1|MOORE|ERNEST|A|||HN|563407942A~NM1|82|1||||||XX|1952303547~NM1|TT|2|AETNA, INC.|||||PI|00060~MOA|||MA01|MA18~DTM|050|20141216~SVC|HC^99309|104|61.06||1~DTM|472|20140918~CAS|CO|45|26.11||253|1.25~CAS|PR|2|15.58~REF|LU|31~REF|6R|1320320099Z1~AMT|B6|77.89~CLP|113-753|19|104|68.25|17.41|MB|2814350277540|31|1~NM1|QC|1|MOORE|ERNEST|A|||HN|563407942A~NM1|82|1||||||XX|1962447805~NM1|TT|2|AETNA, INC.|||||PI|00060~MOA|||MA01|MA18~DTM|050|20141216~SVC|HC^99309|104|68.25||1~DTM|472|20140911~CAS|CO|45|16.95||253|1.39~CAS|PR|2|17.41~REF|LU|31~REF|6R|1320467997Z1~AMT|B6|87.05~CLP|113-642|19|51|30.05|7.67|MB|2814351326100|31|1~NM1|QC|1|MOORE|ERNEST|A|||HN|563407942A~NM1|82|1||||||XX|1952303547~NM1|TT|2|AETNA, INC.|||||PI|00060~MOA|||MA01|MA18~DTM|050|20141217~SVC|HC^99307|51|30.05||1~DTM|472|20140912~CAS|CO|45|12.67||253|.61~CAS|PR|2|7.67~REF|LU|31~REF|6R|1321942377Z1~AMT|B6|38.33~CLP|165-659|19|109|63.87|16.29|MB|2814350277390|33|1~NM1|QC|1|MORENO|MARIA|L|||HN|465183762D~NM1|82|1||||||XX|1952303547~NM1|TT|2|UNITEDHEALTH GROUP|||||PI|30002~MOA|||MA01|MA18~DTM|050|20141216~SVC|HC^99335|109|63.87||1~DTM|472|20140917~CAS|CO|45|27.54||253|1.3~CAS|PR|2|16.29~REF|LU|33~REF|6R|1320342599Z1~AMT|B6|81.46~CLP|165-536|19|109|63.87|16.29|MB|2814350793840|33|1~NM1|QC|1|MORENO|MARIA|L|||HN|465183762D~NM1|82|1||||||XX|1952303547~NM1|TT|2|UNITEDHEALTH GROUP|||||PI|30002~MOA|||MA01|MA18~DTM|050|20141216~SVC|HC^99335|109|63.87||1~DTM|472|20140825~CAS|CO|45|27.54||253|1.3~CAS|PR|2|16.29~REF|LU|33~REF|6R|1320854845Z1~AMT|B6|81.46~CLP|52-566|19|109|63.87|16.29|MB|2814351325730|33|1~NM1|QC|1|MORSE|TRACY||||HN|462420991A~NM1|82|1||||||XX|1952303547~NM1|TT|2|AETNA, INC.|||||PI|00060~MOA|||MA01|MA18~DTM|050|20141217~SVC|HC^99335|109|63.87||1~DTM|472|20140827~CAS|CO|45|27.54||253|1.3~CAS|PR|2|16.29~REF|LU|33~REF|6R|1321923825Z1~AMT|B6|81.46~CLP|130-637|19|104|68.25|17.41|MB|2814350276580|31|1~NM1|QC|1|MULLENDORE|GENEVIEVE||||HN|446221995A~NM1|82|1||||||XX|1962447805~NM1|TT|2|HIGHMARK INC|||||PI|00030~MOA|||MA01|MA18~DTM|050|20141216~SVC|HC^99309|104|68.25||1~DTM|472|20140902~CAS|CO|45|16.95||253|1.39~CAS|PR|2|17.41~REF|LU|31~REF|6R|1320199945Z1~AMT|B6|87.05~CLP|130-767|19|51|30.05|7.67|MB|2814350277460|31|1~NM1|QC|1|MULLENDORE|GENEVIEVE||||HN|446221995A~NM1|82|1||||||XX|1952303547~NM1|TT|2|HIGHMARK INC|||||PI|00030~MOA|||MA01|MA18~DTM|050|20141216~SVC|HC^99307|51|30.05||1~DTM|472|20140916~CAS|CO|45|12.67||253|.61~CAS|PR|2|7.67~REF|LU|31~REF|6R|1320446607Z1~AMT|B6|38.33~CLP|130-581|19|104|61.06|15.58|MB|2814350793760|31|1~NM1|QC|1|MULLENDORE|GENEVIEVE||||HN|446221995A~NM1|82|1||||||XX|1952303547~NM1|TT|2|HIGHMARK INC|||||PI|00030~MOA|||MA01|MA18~DTM|050|20141216~SVC|HC^99309|104|61.06||1~DTM|472|20140903~CAS|CO|45|26.11||253|1.25~CAS|PR|2|15.58~REF|LU|31~REF|6R|1320831234Z1~AMT|B6|77.89~CLP|130-548|19|51|30.05|7.67|MB|2814350793910|31|1~NM1|QC|1|MULLENDORE|GENEVIEVE||||HN|446221995A~NM1|82|1||||||XX|1952303547~NM1|TT|2|HIGHMARK INC|||||PI|00030~MOA|||MA01|MA18~DTM|050|20141216~SVC|HC^99307|51|30.05||1~DTM|472|20140828~CAS|CO|45|12.67||253|.61~CAS|PR|2|7.67~REF|LU|31~REF|6R|1320854871Z1~AMT|B6|38.33~CLP|130-627|19|51|30.05|7.67|MB|2814351325980|31|1~NM1|QC|1|MULLENDORE|GENEVIEVE||||HN|446221995A~NM1|82|1||||||XX|1952303547~NM1|TT|2|HIGHMARK INC|||||PI|00030~MOA|||MA01|MA18~DTM|050|20141217~SVC|HC^99307|51|30.05||1~DTM|472|20140910~CAS|CO|45|12.67||253|.61~CAS|PR|2|7.67~REF|LU|31~REF|6R|1321930027Z1~AMT|B6|38.33~CLP|35-538|1|104|61.06|15.58|MB|2814350793850|31|1~NM1|QC|1|MYERS|SHELBY|A|||HN|488261954B~NM1|82|1||||||XX|1952303547~MOA|||MA01~DTM|050|20141216~SVC|HC^99309|104|61.06||1~DTM|472|20140825~CAS|CO|45|26.11||253|1.25~CAS|PR|2|15.58~REF|LU|31~REF|6R|1320854850Z1~AMT|B6|77.89~CLP|35-576|1|104|61.06|15.58|MB|2814351325830|31|1~NM1|QC|1|MYERS|SHELBY|A|||HN|488261954B~NM1|82|1||||||XX|1952303547~MOA|||MA01~DTM|050|20141217~SVC|HC^99309|104|61.06||1~DTM|472|20140818~CAS|CO|45|26.11||253|1.25~CAS|PR|2|15.58~REF|LU|31~REF|6R|1321924006Z1~AMT|B6|77.89~CLP|35-575|1|104|61.06|15.58|MB|2814351325890|31|1~NM1|QC|1|MYERS|SHELBY|A|||HN|488261954B~NM1|82|1||||||XX|1952303547~MOA|||MA01~DTM|050|20141217~SVC|HC^99309|104|61.06||1~DTM|472|20140724~CAS|CO|45|26.11||253|1.25~CAS|PR|2|15.58~REF|LU|31~REF|6R|1321929269Z1~AMT|B6|77.89~CLP|231-766|19|104|61.06|15.58|MB|2814350277450|31|1~NM1|QC|1|NGUYEN|BEIN|D|||HN|638323190A~NM1|82|1||||||XX|1952303547~NM1|TT|2|TX HEALTH & HUMAN SERVICES COMMI|||||PI|70051~MOA|||MA01|MA07~DTM|050|20141216~SVC|HC^99309|104|61.06||1~DTM|472|20140916~CAS|CO|45|26.11||253|1.25~CAS|PR|2|15.58~REF|LU|31~REF|6R|1320446606Z1~AMT|B6|77.89~CLP|46-605|19|51|33.58|8.57|MB|2814350793670|32|1~NM1|QC|1|NORMAN|SUSAN|C|||HN|465116311A~NM1|82|1||||||XX|1962447805~NM1|TT|2|TX HEALTH & HUMAN SERVICES COMMI|||||PI|70051~MOA|||MA01|MA07~DTM|050|20141216~SVC|HC^99307|51|33.58||1~DTM|472|20140908~CAS|CO|45|8.16||253|.69~CAS|PR|2|8.57~REF|LU|32~REF|6R|1320799602Z1~AMT|B6|42.84~CLP|178-701|19|222|129.81|33.11|MB|2814350277260|33|1~NM1|QC|1|OBANNON|ADELINE||||HN|313742151A~NM1|82|1||||||XX|1952303547~NM1|TT|2|TX HEALTH & HUMAN SERVICES COMMI|||||PI|70051~MOA|||MA01|MA07~DTM|050|20141216~SVC|HC^99337|222|129.81||1~DTM|472|20140918~CAS|CO|45|56.43||253|2.65~CAS|PR|2|33.11~REF|LU|33~REF|6R|1320320118Z1~AMT|B6|165.57~CLP|178-563|19|109|63.87|16.29|MB|2814351325710|33|1~NM1|QC|1|OBANNON|ADELINE||||HN|313742151A~NM1|82|1||||||XX|1952303547~NM1|TT|2|TX HEALTH & HUMAN SERVICES COMMI|||||PI|70051~MOA|||MA01|MA07~DTM|050|20141217~SVC|HC^99335|109|63.87||1~DTM|472|20140827~CAS|CO|45|27.54||253|1.3~CAS|PR|2|16.29~REF|LU|33~REF|6R|1321923823Z1~AMT|B6|81.46~CLP|64-543|19|154|90.09|22.98|MB|2814350793890|33|1~NM1|QC|1|OBENNOSKEY|WILLIAM|O|||HN|431609382A~NM1|82|1||||||XX|1952303547~NM1|TT|2|TX HEALTH & HUMAN SERVICES COMMI|||||PI|70051~MOA|||MA01|MA07~DTM|050|20141216~SVC|HC^99336|154|90.09||1~DTM|472|20140825~CAS|CO|45|39.09||253|1.84~CAS|PR|2|22.98~REF|LU|33~REF|6R|1320854860Z1~AMT|B6|114.91~CLP|180-628|19|109|63.87|16.29|MB|2814351325990|33|1~NM1|QC|1|OROZCO|SUSIE|S|||HN|456100250D~NM1|82|1||||||XX|1952303547~NM1|TT|2|TX HEALTH & HUMAN SERVICES COMMI|||||PI|70051~MOA|||MA01|MA07~DTM|050|20141217~SVC|HC^99335|109|63.87||1~DTM|472|20140904~CAS|CO|45|27.54||253|1.3~CAS|PR|2|16.29~REF|LU|33~REF|6R|1321930028Z1~AMT|B6|81.46~CLP|163-370|19|155|90.82|23.17|MB|2814351325480|31|1~NM1|QC|1|OXFORD|MARGARETT|R|||HN|495207513A~NM1|82|1||||||XX|1952303547~NM1|TT|2|CONNECTICUT GENERAL LIFE INS CO|||||PI|00018~MOA|||MA01|MA18~DTM|050|20141217~SVC|HC^99310|155|90.82||1~DTM|472|20140714~CAS|CO|45|39.16||253|1.85~CAS|PR|2|23.17~REF|LU|31~REF|6R|1321923109Z1~AMT|B6|115.84~CLP|20-704|19|51|33.58|8.57|MB|2814350276800|31|1~NM1|QC|1|PAGE|ROBERT|H|||HN|275349947A~NM1|82|1||||||XX|1962447805~NM1|TT|2|TX HEALTH & HUMAN SERVICES COMMI|||||PI|70051~MOA|||MA01|MA07~DTM|050|20141216~SVC|HC^99307|51|33.58||1~DTM|472|20140902~CAS|CO|45|8.16||253|.69~CAS|PR|2|8.57~REF|LU|31~REF|6R|1320253851Z1~AMT|B6|42.84~CLP|20-578|19|104|61.06|15.58|MB|2814351325850|31|1~NM1|QC|1|PAGE|ROBERT|H|||HN|275349947A~NM1|82|1||||||XX|1952303547~NM1|TT|2|TX HEALTH & HUMAN SERVICES COMMI|||||PI|70051~MOA|||MA01|MA07~DTM|050|20141217~SVC|HC^99309|104|61.06||1~DTM|472|20140814~CAS|CO|45|26.11||253|1.25~CAS|PR|2|15.58~REF|LU|31~REF|6R|1321924008Z1~AMT|B6|77.89~CLP|100-733|19|104|68.25|17.41|MB|2814350276870|32|1~NM1|QC|1|PETERSON|DEBORAH||||HN|464111423A~NM1|82|1||||||XX|1962447805~NM1|TT|2|TX HEALTH & HUMAN SERVICES COMMI|||||PI|70051~MOA|||MA01|MA07~DTM|050|20141216~SVC|HC^99309|104|68.25||1~DTM|472|20140903~CAS|CO|45|16.95||253|1.39~CAS|PR|2|17.41~REF|LU|32~REF|6R|1320253862Z1~AMT|B6|87.05~CLP|186-699|19|109|63.87|16.29|MB|2814350277250|33|1~NM1|QC|1|PITMAN|JERRY|R|||HN|452401970A~NM1|82|1||||||XX|1952303547~NM1|TT|2|TX HEALTH & HUMAN SERVICES COMMI|||||PI|70051~MOA|||MA01|MA07~DTM|050|20141216~SVC|HC^99335|109|63.87||1~DTM|472|20140918~CAS|CO|45|27.54||253|1.3~CAS|PR|2|16.29~REF|LU|33~REF|6R|1320320117Z1~AMT|B6|81.46~CLP|200-738|19|234|152.6|38.93|MB|2814350276900|21|1~NM1|QC|1|POWERS|JAMES|R|||HN|464443192A~NM1|82|1||||||XX|1962447805~NM1|TT|2|UNITEDHEALTHCARE|||||PI|00082~MOA|||MA01|MA18~DTM|050|20141216~SVC|HC^99223|234|152.6||1~DTM|472|20140905~CAS|CO|45|39.36||253|3.11~CAS|PR|2|38.93~REF|LU|21~REF|6R|1320253869Z1~AMT|B6|194.64~CLP|200-739|19|83|54.18|13.82|MB|2814350276910|21|1~NM1|QC|1|POWERS|JAMES|R|||HN|464443192A~NM1|82|1||||||XX|1962447805~NM1|TT|2|UNITEDHEALTHCARE|||||PI|00082~MOA|||MA01|MA18~DTM|050|20141216~SVC|HC^99232|83|54.18||1~DTM|472|20140906~CAS|CO|45|13.89||253|1.11~CAS|PR|2|13.82~REF|LU|21~REF|6R|1320253875Z1~AMT|B6|69.11~CLP|200-740|19|83|54.18|13.82|MB|2814350276920|21|1~NM1|QC|1|POWERS|JAMES|R|||HN|464443192A~NM1|82|1||||||XX|1962447805~NM1|TT|2|UNITEDHEALTHCARE|||||PI|00082~MOA|||MA01|MA18~DTM|050|20141216~SVC|HC^99232|83|54.18||1~DTM|472|20140907~CAS|CO|45|13.89||253|1.11~CAS|PR|2|13.82~REF|LU|21~REF|6R|1320253881Z1~AMT|B6|69.11~CLP|200-742|19|83|54.18|13.82|MB|2814350276930|21|1~NM1|QC|1|POWERS|JAMES|R|||HN|464443192A~NM1|82|1||||||XX|1962447805~NM1|TT|2|UNITEDHEALTHCARE|||||PI|00082~MOA|||MA01|MA18~DTM|050|20141216~SVC|HC^99232|83|54.18||1~DTM|472|20140909~CAS|CO|45|13.89||253|1.11~CAS|PR|2|13.82~REF|LU|21~REF|6R|1320253886Z1~AMT|B6|69.11~CLP|200-741|19|83|54.18|13.82|MB|2814350276940|21|1~NM1|QC|1|POWERS|JAMES|R|||HN|464443192A~NM1|82|1||||||XX|1962447805~NM1|TT|2|UNITEDHEALTHCARE|||||PI|00082~MOA|||MA01|MA18~DTM|050|20141216~SVC|HC^99232|83|54.18||1~DTM|472|20140908~CAS|CO|45|13.89||253|1.11~CAS|PR|2|13.82~REF|LU|21~REF|6R|1320260736Z1~AMT|B6|69.11~CLP|31-613|19|51|33.58|8.57|MB|2814350793980|32|1~NM1|QC|1|ROSS|RUTH|E|||HN|459603783D~NM1|82|1||||||XX|1962447805~NM1|TT|2|TX HEALTH & HUMAN SERVICES COMMI|||||PI|70051~MOA|||MA01|MA07~DTM|050|20141216~SVC|HC^99307|51|33.58||1~DTM|472|20140908~CAS|CO|45|8.16||253|.69~CAS|PR|2|8.57~REF|LU|32~REF|6R|1320858658Z1~AMT|B6|42.84~CLP|3-556|19|109|63.87|16.29|MB|2814351325740|33|1~NM1|QC|1|ROTHSTEIN|AGATHA|R|||HN|539267482D~NM1|82|1||||||XX|1952303547~NM1|TT|2|AETNA, INC.|||||PI|00060~MOA|||MA01|MA18~DTM|050|20141217~SVC|HC^99335|109|63.87||1~DTM|472|20140828~CAS|CO|45|27.54||253|1.3~CAS|PR|2|16.29~REF|LU|33~REF|6R|1321923826Z1~AMT|B6|81.46~CLP|3-641|19|109|63.87|16.29|MB|2814351326050|33|1~NM1|QC|1|ROTHSTEIN|AGATHA|R|||HN|539267482D~NM1|82|1||||||XX|1952303547~NM1|TT|2|AETNA, INC.|||||PI|00060~MOA|||MA01|MA18~DTM|050|20141217~SVC|HC^99335|109|63.87||1~DTM|472|20140912~CAS|CO|45|27.54||253|1.3~CAS|PR|2|16.29~REF|LU|33~REF|6R|1321942371Z1~AMT|B6|81.46~CLP|19-714|19|51|33.58|8.57|MB|2814350277110|32|1~NM1|QC|1|RYLANDER|RICHARD||||HN|435661924A~NM1|82|1||||||XX|1962447805~NM1|TT|2|TX HEALTH & HUMAN SERVICES COMMI|||||PI|70051~MOA|||MA01|MA07~DTM|050|20141216~SVC|HC^99307|51|33.58||1~DTM|472|20140916~CAS|CO|45|8.16||253|.69~CAS|PR|2|8.57~REF|LU|32~REF|6R|1320289190Z1~AMT|B6|42.84~CLP|19-726|19|104|68.25|17.41|MB|2814350277120|32|1~NM1|QC|1|RYLANDER|RICHARD||||HN|435661924A~NM1|82|1||||||XX|1962447805~NM1|TT|2|TX HEALTH & HUMAN SERVICES COMMI|||||PI|70051~MOA|||MA01|MA07~DTM|050|20141216~SVC|HC^99309|104|68.25||1~DTM|472|20140826~CAS|CO|45|16.95||253|1.39~CAS|PR|2|17.41~REF|LU|32~REF|6R|1320289386Z1~AMT|B6|87.05~CLP|201-692|19|104|61.06|15.58|MB|2814350277220|31|1~NM1|QC|1|SANCHEZ|KATHRYN|D|||HN|452825891A~NM1|82|1||||||XX|1952303547~NM1|TT|2|MUTUAL OF OMAHA INSURANCE COMP|||||PI|30090~MOA|||MA01|MA18~DTM|050|20141216~SVC|HC^99309|104|61.06||1~DTM|472|20140918~CAS|CO|45|26.11||253|1.25~CAS|PR|2|15.58~REF|LU|31~REF|6R|1320320108Z1~AMT|B6|77.89~CLP|201-590|19|155|90.82|23.17|MB|2814350793710|31|1~NM1|QC|1|SANCHEZ|KATHRYN|D|||HN|452825891A~NM1|82|1||||||XX|1952303547~NM1|TT|2|MUTUAL OF OMAHA INSURANCE COMP|||||PI|30090~MOA|||MA01|MA18~DTM|050|20141216~SVC|HC^99310|155|90.82||1~DTM|472|20140903~CAS|CO|45|39.16||253|1.85~CAS|PR|2|23.17~REF|LU|31~REF|6R|1320818146Z1~AMT|B6|115.84~CLP|50-708|19|79|51.8|13.21|MB|2814350276970|32|1~NM1|QC|1|SANDERS|TONY|R|||HN|467086770A~NM1|82|1||||||XX|1962447805~NM1|TT|2|TX HEALTH & HUMAN SERVICES COMMI|||||PI|70051~MOA|||MA01|MA07~DTM|050|20141216~SVC|HC^99308|79|51.8||1~DTM|472|20140916~CAS|CO|45|12.93||253|1.06~CAS|PR|2|13.21~REF|LU|32~REF|6R|1320283096Z1~AMT|B6|66.07~CLP|50-602|19|51|33.58|8.57|MB|2814350793950|32|1~NM1|QC|1|SANDERS|TONY|R|||HN|467086770A~NM1|82|1||||||XX|1962447805~NM1|TT|2|TX HEALTH & HUMAN SERVICES COMMI|||||PI|70051~MOA|||MA01|MA07~DTM|050|20141216~SVC|HC^99307|51|33.58||1~DTM|472|20140903~CAS|CO|45|8.16||253|.69~CAS|PR|2|8.57~REF|LU|32~REF|6R|1320858645Z1~AMT|B6|42.84~CLP|50-615|19|51|33.58|8.57|MB|2814350793990|32|1~NM1|QC|1|SANDERS|TONY|R|||HN|467086770A~NM1|82|1||||||XX|1962447805~NM1|TT|2|TX HEALTH & HUMAN SERVICES COMMI|||||PI|70051~MOA|||MA01|MA07~DTM|050|20141216~SVC|HC^99307|51|33.58||1~DTM|472|20140908~CAS|CO|45|8.16||253|.69~CAS|PR|2|8.57~REF|LU|32~REF|6R|1320858665Z1~AMT|B6|42.84~CLP|123-561|19|109|63.87|16.29|MB|2814351325690|33|1~NM1|QC|1|SAPOZNIKOV|FORTUNA|M|||HN|450888542A~NM1|82|1||||||XX|1952303547~NM1|TT|2|TX HEALTH & HUMAN SERVICES COMMI|||||PI|70051~MOA|||MA01|MA07~DTM|050|20141217~SVC|HC^99335|109|63.87||1~DTM|472|20140828~CAS|CO|45|27.54||253|1.3~CAS|PR|2|16.29~REF|LU|33~REF|6R|1321923821Z1~AMT|B6|81.46~CLP|33-717|19|104|68.25|17.41|MB|2814350277020|32|1~NM1|QC|1|SAVANNAH|BILLY||||HN|439621087A~NM1|82|1||||||XX|1962447805~NM1|TT|2|TX HEALTH & HUMAN SERVICES COMMI|||||PI|70051~MOA|||MA01|MA07~DTM|050|20141216~SVC|HC^99309|104|68.25||1~DTM|472|20140916~CAS|CO|45|16.95||253|1.39~CAS|PR|2|17.41~REF|LU|32~REF|6R|1320283110Z1~AMT|B6|87.05~CLP|107-657|19|109|63.87|16.29|MB|2814350277380|33|1~NM1|QC|1|SHERIDAN|EDNA|V|||HN|486241601A~NM1|82|1||||||XX|1952303547~NM1|TT|2|HCSC-BCBS OF IL,OTHER B ONLY|||||PI|00041~MOA|||MA01|MA18~DTM|050|20141216~SVC|HC^99335|109|63.87||1~DTM|472|20140917~CAS|CO|45|27.54||253|1.3~CAS|PR|2|16.29~REF|LU|33~REF|6R|1320342591Z1~AMT|B6|81.46~CLP|107-754|19|104|61.06|15.58|MB|2814351325520|31|1~NM1|QC|1|SHERIDAN|EDNA|V|||HN|486241601A~NM1|82|1||||||XX|1952303547~NM1|TT|2|HCSC-BCBS OF IL,OTHER B ONLY|||||PI|00041~MOA|||MA01|MA18~DTM|050|20141217~SVC|HC^99309|104|61.06||1~DTM|472|20140707~CAS|CO|45|26.11||253|1.25~CAS|PR|2|15.58~REF|LU|31~REF|6R|1321923113Z1~AMT|B6|77.89~CLP|37-682|19|104|68.25|17.41|MB|2814350276700|32|1~NM1|QC|1|SMALLE|WILLIE||||HN|441409399A~NM1|82|1||||||XX|1962447805~NM1|TT|2|TX HEALTH & HUMAN SERVICES COMMI|||||PI|70051~MOA|||MA01|MA07~DTM|050|20141216~SVC|HC^99309|104|68.25||1~DTM|472|20140908~CAS|CO|45|16.95||253|1.39~CAS|PR|2|17.41~REF|LU|32~REF|6R|1320218470Z1~AMT|B6|87.05~CLP|37-703|19|79|51.8|13.21|MB|2814350277280|32|1~NM1|QC|1|SMALLE|WILLIE||||HN|441409399A~NM1|82|1||||||XX|1962447805~NM1|TT|2|TX HEALTH & HUMAN SERVICES COMMI|||||PI|70051~MOA|||MA01|MA07~DTM|050|20141216~SVC|HC^99308|79|51.8||1~DTM|472|20140916~CAS|CO|45|12.93||253|1.06~CAS|PR|2|13.21~REF|LU|32~REF|6R|1320320126Z1~AMT|B6|66.07~CLP|38-760|19|193|126.15|32.18|MB|2814351326080|32|1~NM1|QC|1|SMITH|IVORY|D|||HN|466683089A~NM1|82|1||||||XX|1962447805~NM1|TT|2|TX HEALTH & HUMAN SERVICES COMMI|||||PI|70051~MOA|||MA01|MA07~DTM|050|20141217~SVC|HC^99306|193|126.15||1~DTM|472|20140916~CAS|CO|45|32.1||253|2.57~CAS|PR|2|32.18~REF|LU|32~REF|6R|1321942375Z1~AMT|B6|160.9~CLP|85-562|19|109|63.87|16.29|MB|2814351325700|33|1~NM1|QC|1|SNOW|CAROLYN||||HN|442403577A~NM1|82|1||||||XX|1952303547~NM1|TT|2|TX HEALTH & HUMAN SERVICES COMMI|||||PI|70051~MOA|||MA01|MA07~DTM|050|20141217~SVC|HC^99335|109|63.87||1~DTM|472|20140828~CAS|CO|45|27.54||253|1.3~CAS|PR|2|16.29~REF|LU|33~REF|6R|1321923822Z1~AMT|B6|81.46~CLP|42-702|1|79|51.8|13.21|MB|2814350277270|32|1~NM1|QC|1|SPENCER|GERALDINE|M|||HN|450745441A~NM1|82|1||||||XX|1962447805~MOA|||MA01~DTM|050|20141216~SVC|HC^99308|79|51.8||1~DTM|472|20140916~CAS|CO|45|12.93||253|1.06~CAS|PR|2|13.21~REF|LU|32~REF|6R|1320320125Z1~AMT|B6|66.07~CLP|42-612|1|51|33.58|8.57|MB|2814350793700|32|1~NM1|QC|1|SPENCER|GERALDINE|M|||HN|450745441A~NM1|82|1||||||XX|1962447805~MOA|||MA01~DTM|050|20141216~SVC|HC^99307|51|33.58||1~DTM|472|20140908~CAS|CO|45|8.16||253|.69~CAS|PR|2|8.57~REF|LU|32~REF|6R|1320811512Z1~AMT|B6|42.84~CLP|45-531|19|109|63.87|16.29|MB|2814351325590|33|1~NM1|QC|1|STANSBURY|LAWRANCE||||HN|351408635A~NM1|82|1||||||XX|1952303547~NM1|TT|2|TX HEALTH & HUMAN SERVICES COMMI|||||PI|70051~MOA|||MA01|MA07~DTM|050|20141217~SVC|HC^99335|109|63.87||1~DTM|472|20140820~CAS|CO|45|27.54||253|1.3~CAS|PR|2|16.29~REF|LU|33~REF|6R|1321923241Z1~AMT|B6|81.46~CLP|44-685|19|104|68.25|17.41|MB|2814350276720|32|1~NM1|QC|1|STEWARD|OTIS LEE||||HN|450965045A~NM1|82|1||||||XX|1962447805~NM1|TT|2|TX HEALTH & HUMAN SERVICES COMMI|||||PI|70051~MOA|||MA01|MA07~DTM|050|20141216~SVC|HC^99309|104|68.25||1~DTM|472|20140908~CAS|CO|45|16.95||253|1.39~CAS|PR|2|17.41~REF|LU|32~REF|6R|1320218474Z1~AMT|B6|87.05~CLP|109-671|19|104|61.06|15.58|MB|2814350277320|31|1~NM1|QC|1|SUMMERVILLE|EILEEN|J|||HN|074182187A~NM1|82|1||||||XX|1952303547~NM1|TT|2|SIERRA HEALTH & LIFE INSURANCE C|||||PI|30096~MOA|||MA01|MA18~DTM|050|20141216~SVC|HC^99309|104|61.06||1~DTM|472|20140916~CAS|CO|45|26.11||253|1.25~CAS|PR|2|15.58~REF|LU|31~REF|6R|1320324341Z1~AMT|B6|77.89~CLP|109-622|19|155|90.82|23.17|MB|2814351326010|31|1~NM1|QC|1|SUMMERVILLE|EILEEN|J|||HN|074182187A~NM1|82|1||||||XX|1952303547~NM1|TT|2|SIERRA HEALTH & LIFE INSURANCE C|||||PI|30096~MOA|||MA01|MA18~DTM|050|20141217~SVC|HC^99310|155|90.82||1~DTM|472|20140910~CAS|CO|45|39.16||253|1.85~CAS|PR|2|23.17~REF|LU|31~REF|6R|1321930035Z1~AMT|B6|115.84~CLP|109-643|19|104|61.06|15.58|MB|2814351326110|31|1~NM1|QC|1|SUMMERVILLE|EILEEN|J|||HN|074182187A~NM1|82|1||||||XX|1952303547~NM1|TT|2|SIERRA HEALTH & LIFE INSURANCE C|||||PI|30096~MOA|||MA01|MA18~DTM|050|20141217~SVC|HC^99309|104|61.06||1~DTM|472|20140912~CAS|CO|45|26.11||253|1.25~CAS|PR|2|15.58~REF|LU|31~REF|6R|1321942383Z1~AMT|B6|77.89~CLP|14-675|1|104|68.25|17.41|MB|2814350276670|32|1~NM1|QC|1|TATUM|BILLY||||HN|464486388A~NM1|82|1||||||XX|1962447805~MOA|||MA01~DTM|050|20141216~SVC|HC^99309|104|68.25||1~DTM|472|20140908~CAS|CO|45|16.95||253|1.39~CAS|PR|2|17.41~REF|LU|32~REF|6R|1320218464Z1~AMT|B6|87.05~CLP|14-711|1|51|33.58|8.57|MB|2814350276830|32|1~NM1|QC|1|TATUM|BILLY||||HN|464486388A~NM1|82|1||||||XX|1962447805~MOA|||MA01~DTM|050|20141216~SVC|HC^99307|51|33.58||1~DTM|472|20140911~CAS|CO|45|8.16||253|.69~CAS|PR|2|8.57~REF|LU|32~REF|6R|1320253855Z1~AMT|B6|42.84~CLP|197-539|19|104|61.06|15.58|MB|2814350793860|31|1~NM1|QC|1|TERRY|CHARLES|D|||HN|424189076A~NM1|82|1||||||XX|1952303547~NM1|TT|2|UMR|||||PI|00192~MOA|||MA01|MA18~DTM|050|20141216~SVC|HC^99309|104|61.06||1~DTM|472|20140825~CAS|CO|45|26.11||253|1.25~CAS|PR|2|15.58~REF|LU|31~REF|6R|1320854851Z1~AMT|B6|77.89~CLP|197-527|19|155|90.82|23.17|MB|2814351325550|31|1~NM1|QC|1|TERRY|CHARLES|D|||HN|424189076A~NM1|82|1||||||XX|1952303547~NM1|TT|2|UMR|||||PI|00192~MOA|||MA01|MA18~DTM|050|20141217~SVC|HC^99310|155|90.82||1~DTM|472|20140821~CAS|CO|45|39.16||253|1.85~CAS|PR|2|23.17~REF|LU|31~REF|6R|1321923237Z1~AMT|B6|115.84~CLP|84-748|19|222|129.81|33.11|MB|2814350277570|33|1~NM1|QC|1|TIRADO|CAROLYN|L|||HN|458503439A~NM1|82|1||||||XX|1952303547~NM1|TT|2|HCSC-BCBS OF TX-OTHER B ONLY|||||PI|00044~MOA|||MA01|MA18~DTM|050|20141216~SVC|HC^99337|222|129.81||1~DTM|472|20140912~CAS|CO|45|56.43||253|2.65~CAS|PR|2|33.11~REF|LU|33~REF|6R|1320468007Z1~AMT|B6|165.57~CLP|84-626|19|154|90.09|22.98|MB|2814351325970|33|1~NM1|QC|1|TIRADO|CAROLYN|L|||HN|458503439A~NM1|82|1||||||XX|1952303547~NM1|TT|2|HCSC-BCBS OF TX-OTHER B ONLY|||||PI|00044~MOA|||MA01|MA18~DTM|050|20141217~SVC|HC^99336|154|90.09||1~DTM|472|20140910~CAS|CO|45|39.09||253|1.84~CAS|PR|2|22.98~REF|LU|33~REF|6R|1321930026Z1~AMT|B6|114.91~CLP|195-541|1|121|70.64|18.02|MB|2814350793870|31|1~NM1|QC|1|VEACH|CAROL|A|||HN|388320226A~NM1|82|1||||||XX|1952303547~MOA|||MA01~DTM|050|20141216~SVC|HC^99316|121|70.64||1~DTM|472|20140825~CAS|CO|45|30.9||253|1.44~CAS|PR|2|18.02~REF|LU|31~REF|6R|1320854852Z1~AMT|B6|90.1~CLP|195-574|1|104|61.06|15.58|MB|2814351325820|31|1~NM1|QC|1|VEACH|CAROL|A|||HN|388320226A~NM1|82|1||||||XX|1952303547~MOA|||MA01~DTM|050|20141217~SVC|HC^99309|104|61.06||1~DTM|472|20140818~CAS|CO|45|26.11||253|1.25~CAS|PR|2|15.58~REF|LU|31~REF|6R|1321924005Z1~AMT|B6|77.89~CLP|184-681|19|109|63.87|16.29|MB|2814350277200|33|1~NM1|QC|1|WARREN|PAULINE||||HN|460100892D~NM1|82|1||||||XX|1952303547~NM1|TT|2|TX HEALTH & HUMAN SERVICES COMMI|||||PI|70051~MOA|||MA01|MA07~DTM|050|20141216~SVC|HC^99335|109|63.87||1~DTM|472|20140916~CAS|CO|45|27.54||253|1.3~CAS|PR|2|16.29~REF|LU|33~REF|6R|1320320103Z1~AMT|B6|81.46~CLP|184-654|19|222|129.81|33.11|MB|2814350277370|33|1~NM1|QC|1|WARREN|PAULINE||||HN|460100892D~NM1|82|1||||||XX|1952303547~NM1|TT|2|TX HEALTH & HUMAN SERVICES COMMI|||||PI|70051~MOA|||MA01|MA07~DTM|050|20141216~SVC|HC^99337|222|129.81||1~DTM|472|20140917~CAS|CO|45|56.43||253|2.65~CAS|PR|2|33.11~REF|LU|33~REF|6R|1320342590Z1~AMT|B6|165.57~CLP|181-398|19|79|46.35|11.82|MB|2814351325500|31|1~NM1|QC|1|WILLIAMS|OSCAR|D|||HN|449343970A~NM1|82|1||||||XX|1952303547~NM1|TT|2|TX HEALTH & HUMAN SERVICES COMMI|||||PI|70051~MOA|||MA01|MA07~DTM|050|20141217~SVC|HC^99308|79|46.35||1~DTM|472|20140723~CAS|CO|45|19.88||253|.95~CAS|PR|2|11.82~REF|LU|31~REF|6R|1321923111Z1~AMT|B6|59.12~CLP|181-553|19|109|63.87|16.29|MB|2814351325620|33|1~NM1|QC|1|WILLIAMS|OSCAR|D|||HN|449343970A~NM1|82|1||||||XX|1952303547~NM1|TT|2|TX HEALTH & HUMAN SERVICES COMMI|||||PI|70051~MOA|||MA01|MA07~DTM|050|20141217~SVC|HC^99335|109|63.87||1~DTM|472|20140828~CAS|CO|45|27.54||253|1.3~CAS|PR|2|16.29~REF|LU|33~REF|6R|1321923244Z1~AMT|B6|81.46~CLP|118-645|19|104|68.25|17.41|MB|2814350276590|31|1~NM1|QC|1|WILSON|EUNICE|C|||HN|501261218A~NM1|82|1||||||XX|1962447805~NM1|TT|2|TX HEALTH & HUMAN SERVICES COMMI|||||PI|70051~MOA|||MA01|MA07~DTM|050|20141216~SVC|HC^99309|104|68.25||1~DTM|472|20140902~CAS|CO|45|16.95||253|1.39~CAS|PR|2|17.41~REF|LU|31~REF|6R|1320199946Z1~AMT|B6|87.05~CLP|118-542|19|104|61.06|15.58|MB|2814350793880|31|1~NM1|QC|1|WILSON|EUNICE|C|||HN|501261218A~NM1|82|1||||||XX|1952303547~NM1|TT|2|TX HEALTH & HUMAN SERVICES COMMI|||||PI|70051~MOA|||MA01|MA07~DTM|050|20141216~SVC|HC^99309|104|61.06||1~DTM|472|20140825~CAS|CO|45|26.11||253|1.25~CAS|PR|2|15.58~REF|LU|31~REF|6R|1320854854Z1~AMT|B6|77.89~CLP|118-579|19|79|46.35|11.82|MB|2814351325860|31|1~NM1|QC|1|WILSON|EUNICE|C|||HN|501261218A~NM1|82|1||||||XX|1952303547~NM1|TT|2|TX HEALTH & HUMAN SERVICES COMMI|||||PI|70051~MOA|||MA01|MA07~DTM|050|20141217~SVC|HC^99308|79|46.35||1~DTM|472|20140814~CAS|CO|45|19.88||253|.95~CAS|PR|2|11.82~REF|LU|31~REF|6R|1321924009Z1~AMT|B6|59.12~CLP|118-580|19|79|46.35|11.82|MB|2814351325870|31|1~NM1|QC|1|WILSON|EUNICE|C|||HN|501261218A~NM1|82|1||||||XX|1952303547~NM1|TT|2|TX HEALTH & HUMAN SERVICES COMMI|||||PI|70051~MOA|||MA01|MA07~DTM|050|20141217~SVC|HC^99308|79|46.35||1~DTM|472|20140818~CAS|CO|45|19.88||253|.95~CAS|PR|2|11.82~REF|LU|31~REF|6R|1321924010Z1~AMT|B6|59.12~CLP|227-761|19|104|68.25|17.41|MB|2814351326090|32|1~NM1|QC|1|WILLIE|WILSON|S|||HN|452926535A~NM1|82|1||||||XX|1962447805~NM1|TT|2|TX HEALTH & HUMAN SERVICES COMMI|||||PI|70051~MOA|||MA01|MA27|MA07~DTM|050|20141217~SVC|HC^99309|104|68.25||1~DTM|472|20140916~CAS|CO|45|16.95||253|1.39~CAS|PR|2|17.41~REF|LU|32~REF|6R|1321942376Z1~AMT|B6|87.05~CLP|157-663|1|109|63.87|16.29|MB|2814350277330|33|1~NM1|QC|1|WOFFORD|LORENE||||HN|466264732D~NM1|82|1||||||XX|1952303547~MOA|||MA01~DTM|050|20141216~SVC|HC^99335|109|63.87||1~DTM|472|20140917~CAS|CO|45|27.54||253|1.3~CAS|PR|2|16.29~REF|LU|33~REF|6R|1320335385Z1~AMT|B6|81.46~CLP|34-666|19|104|68.25|17.41|MB|2814350276640|32|1~NM1|QC|1|WOODARD|SEYMOUR||||HN|459749510A~NM1|82|1||||||XX|1962447805~NM1|TT|2|TX HEALTH & HUMAN SERVICES COMMI|||||PI|70051~MOA|||MA01|MA07~DTM|050|20141216~SVC|HC^99309|104|68.25||1~DTM|472|20140908~CAS|CO|45|16.95||253|1.39~CAS|PR|2|17.41~REF|LU|32~REF|6R|1320218456Z1~AMT|B6|87.05~CLP|34-603|19|51|33.58|8.57|MB|2814350793780|32|1~NM1|QC|1|WOODARD|SEYMOUR||||HN|459749510A~NM1|82|1||||||XX|1962447805~NM1|TT|2|TX HEALTH & HUMAN SERVICES COMMI|||||PI|70051~MOA|||MA01|MA07~DTM|050|20141216~SVC|HC^99307|51|33.58||1~DTM|472|20140903~CAS|CO|45|8.16||253|.69~CAS|PR|2|8.57~REF|LU|32~REF|6R|1320845065Z1~AMT|B6|42.84~CLP|67-728|19|104|68.25|17.41|MB|2814350276950|31|1~NM1|QC|1|WORDLAW|LISA||||HN|452279395A~NM1|82|1||||||XX|1962447805~NM1|TT|2|TX HEALTH & HUMAN SERVICES COMMI|||||PI|70051~MOA|||MA01|MA07~DTM|050|20141216~SVC|HC^99309|104|68.25||1~DTM|472|20140903~CAS|CO|45|16.95||253|1.39~CAS|PR|2|17.41~REF|LU|31~REF|6R|1320262273Z1~AMT|B6|87.05~CLP|13-700|19|51|33.58|8.57|MB|2814350276790|31|1~NM1|QC|1|WREN|BILLIE|N|||HN|523465985A~NM1|82|1||||||XX|1962447805~NM1|TT|2|TX HEALTH & HUMAN SERVICES COMMI|||||PI|70051~MOA|||MA01|MA07~DTM|050|20141216~SVC|HC^99307|51|33.58||1~DTM|472|20140902~CAS|CO|45|8.16||253|.69~CAS|PR|2|8.57~REF|LU|31~REF|6R|1320253848Z1~AMT|B6|42.84~CLP|13-537|19|109|63.87|16.29|MB|2814350793640|33|1~NM1|QC|1|WREN|BILLIE|N|||HN|523465985A~NM1|82|1||||||XX|1952303547~NM1|TT|2|TX HEALTH & HUMAN SERVICES COMMI|||||PI|70051~MOA|||MA01|MA07~DTM|050|20141216~SVC|HC^99335|109|63.87||1~DTM|472|20140825~CAS|CO|45|27.54||253|1.3~CAS|PR|2|16.29~REF|LU|33~REF|6R|1320782918Z1~AMT|B6|81.46~CLP|69-734|19|104|68.25|17.41|MB|2814350277100|31|1~NM1|QC|1|ZEPEDA|MARIA|L|||HN|458052952A~NM1|82|1||||||XX|1962447805~NM1|TT|2|TX HEALTH & HUMAN SERVICES COMMI|||||PI|70051~MOA|||MA01|MA07~DTM|050|20141216~SVC|HC^99309|104|68.25||1~DTM|472|20140905~CAS|CO|45|16.95||253|1.39~CAS|PR|2|17.41~REF|LU|31~REF|6R|1320283137Z1~AMT|B6|87.05~CLP|69-533|19|109|63.87|16.29|MB|2814351325610|33|1~NM1|QC|1|ZEPEDA|MARIA|L|||HN|458052952A~NM1|82|1||||||XX|1952303547~NM1|TT|2|TX HEALTH & HUMAN SERVICES COMMI|||||PI|70051~MOA|||MA01|MA07~DTM|050|20141217~SVC|HC^99335|109|63.87||1~DTM|472|20140820~CAS|CO|45|27.54||253|1.3~CAS|PR|2|16.29~REF|LU|33~REF|6R|1321923243Z1~AMT|B6|81.46~CLP|69-630|19|109|63.87|16.29|MB|2814351326020|33|1~NM1|QC|1|ZEPEDA|MARIA|L|||HN|458052952A~NM1|82|1||||||XX|1952303547~NM1|TT|2|TX HEALTH & HUMAN SERVICES COMMI|||||PI|70051~MOA|||MA01|MA07~DTM|050|20141217~SVC|HC^99335|109|63.87||1~DTM|472|20140904~CAS|CO|45|27.54||253|1.3~CAS|PR|2|16.29~REF|LU|33~REF|6R|1321942368Z1~AMT|B6|81.46~CLP|69-640|19|109|63.87|16.29|MB|2814351326060|33|1~NM1|QC|1|ZEPEDA|MARIA|L|||HN|458052952A~NM1|82|1||||||XX|1952303547~NM1|TT|2|TX HEALTH & HUMAN SERVICES COMMI|||||PI|70051~MOA|||MA01|MA07~DTM|050|20141217~SVC|HC^99335|109|63.87||1~DTM|472|20140911~CAS|CO|45|27.54||253|1.3~CAS|PR|2|16.29~REF|LU|33~REF|6R|1321942372Z1~AMT|B6|81.46~SE|2287|0002~GE|2|408~IEA|1|000000413~