ISA|00|          |00|          |ZZ|ZIRMED         |ZZ|GATE0084       |141216|0105|U|00401|000000271|1|P|^~GS|HP|ZIRMED|GATE0084|20141216|0105|267|X|004010X091A1~ST|835|0001~BPR|I|132.43|C|CHK||||||||||||20141212~TRN|1|PG44986547|1411289245|000087726~DTM|405|20141212~N1|PR|UNITED HEALTHCARE INSURANCE COMPANY|XV|87726~N3|GREENSBORO SERVICE CENTER|P.O. BOX 30551~N4|SALT LAKE CITY|UT|841300551~REF|2U|87726~PER|CX|GREENSBORO SERVICE CENTER|TE|8778423210~N1|PE|SUMANA KETHA|XX|1063835361~N3|2925 SKYWAY CIR N~N4|IRVING|TX|750380000~REF|TJ|464596718~LX|1~TS3|1063835361|21|20141231|6|797~CLP|200-86|2|234|38.93||15|4839278050 0042049533|21|1~NM1|QC|1|POWERS|JAMES|R~NM1|IL|1|POWERS|JAMES|R|||MI|910444299~NM1|74|1||D|G~NM1|82|1|KETHA|SUMANA||||XX|1962447805~REF|1L|744432~REF|CE|IND~DTM|050|20141208~DTM|232|20140812~AMT|AU|191.53~SVC|HC^99223|234|38.93||1~DTM|472|20140812~CAS|OA|23|195.07~REF|6R|1299280378Z1~AMT|B6|191.53~CLP|200-87|2|120|19.92||15|4839278051 0042049535|21|1~NM1|QC|1|POWERS|JAMES|R~NM1|IL|1|POWERS|JAMES|R|||MI|910444299~NM1|74|1||D|G~NM1|82|1|KETHA|SUMANA||||XX|1962447805~REF|CE|IND~REF|1L|744432~DTM|050|20141208~DTM|232|20140813~AMT|AU|98.01~SVC|HC^99233|120|19.92||1~DTM|472|20140813~CAS|OA|23|100.08~REF|6R|1299280656Z1~AMT|B6|98.01~CLP|200-88|2|120|19.92||15|4839278052 0042049537|21|1~NM1|QC|1|POWERS|JAMES|R~NM1|IL|1|POWERS|JAMES|R|||MI|910444299~NM1|74|1||D|G~NM1|82|1|KETHA|SUMANA||||XX|1962447805~REF|1L|744432~REF|CE|IND~DTM|050|20141208~DTM|232|20140814~AMT|AU|98.01~SVC|HC^99233|120|19.92||1~DTM|472|20140814~CAS|OA|23|100.08~REF|6R|1299280920Z1~AMT|B6|98.01~CLP|200-89|2|83|13.82||15|4839278053 0042049538|21|1~NM1|QC|1|POWERS|JAMES|R~NM1|IL|1|POWERS|JAMES|R|||MI|910444299~NM1|74|1||D|G~NM1|82|1|KETHA|SUMANA||||XX|1962447805~REF|1L|744432~REF|CE|IND~DTM|050|20141208~DTM|232|20140815~AMT|AU|68~SVC|HC^99232|83|13.82||1~DTM|472|20140815~CAS|OA|23|69.18~REF|6R|1299280940Z1~AMT|B6|68~CLP|200-90|2|120|19.92||15|4839278054 0042049540|21|1~NM1|QC|1|POWERS|JAMES|R~NM1|IL|1|POWERS|JAMES|R|||MI|910444299~NM1|74|1||D|G~NM1|82|1|KETHA|SUMANA||||XX|1962447805~REF|1L|744432~REF|CE|IND~DTM|050|20141208~DTM|232|20140816~AMT|AU|98.01~SVC|HC^99233|120|19.92||1~DTM|472|20140816~CAS|OA|23|100.08~REF|6R|1299281137Z1~AMT|B6|98.01~CLP|200-91|2|120|19.92||15|4839278055 0042049542|21|1~NM1|QC|1|POWERS|JAMES|R~NM1|IL|1|POWERS|JAMES|R|||MI|910444299~NM1|74|1||D|G~NM1|82|1|KETHA|SUMANA||||XX|1962447805~REF|CE|IND~REF|1L|744432~DTM|050|20141208~DTM|232|20140817~AMT|AU|98.01~SVC|HC^99233|120|19.92||1~DTM|472|20140817~CAS|OA|23|100.08~REF|6R|1299281169Z1~AMT|B6|98.01~SE|106|0001~GE|1|267~IEA|1|000000271~