ISA|00|          |00|          |ZZ|ZIRMED         |29|E12705         |141218|0249|U|00401|000000315|0|P|^~GS|HP|ZIRMED|E12705|20141218|0249|310|X|004010X091A1~ST|835|0001~BPR|H|0|C|NON||||||||||||20141218~TRN|1|458434619|1205296137~REF|EV|E12705~DTM|405|20141217~N1|PR|NOVITAS SOLUTIONS, INC.~N3|PO BOX 3110~N4|MECHANICSBURG|PA|170551826~REF|2U|04412~PER|CX||TE|8552528782~N1|PE|DFW GERIATRICS PLLC|XX|1063835361~N3|2925 SKYWAY CIRCLE NORTH~N4|IRVING|TX|750383510~REF|TJ|464596718~LX|1~CLP|16-610|1|51|0||MB|2814350794050|32|1~NM1|QC|1|BURCHETT|JAMES||||HN|456441264A~NM1|82|1||||||XX|1962447805~MOA|||MA01~DTM|050|20141216~SVC|HC^99307|51|0||||1~DTM|472|20140908~CAS|OA|18|51~REF|LU|32~REF|6R|1320908390Z1~LQ|HE|N522~CLP|63-745|1|104|0||MB|2814350277550|31|1~NM1|QC|1|CONNELL|WILLIAM|B|||HN|464589854A~NM1|82|1||||||XX|1952303547~MOA|||MA01~DTM|050|20141216~SVC|HC^99309|104|0||||1~DTM|472|20140912~CAS|OA|18|104~REF|LU|31~REF|6R|1320468001Z1~LQ|HE|N522~CLP|128-599|1|51|0||MB|2814350793810|32|1~NM1|QC|1|GARCIA|HERALDO||||HN|458840277A~NM1|82|1||||||XX|1962447805~MOA|||MA01~DTM|050|20141216~SVC|HC^99307|51|0||||1~DTM|472|20140908~CAS|OA|18|51~REF|LU|32~REF|6R|1320853114Z1~LQ|HE|N522~CLP|61-771|1|109|0||MB|2814350277500|33|1~NM1|QC|1|GEER|VIRGINIA|L|||HN|449448951D~NM1|82|1||||||XX|1952303547~MOA|||MA01~DTM|050|20141216~SVC|HC^99335|109|0||||1~DTM|472|20140917~CAS|OA|18|109~REF|LU|33~REF|6R|1320446621Z1~LQ|HE|N522~CLP|9-601|1|51|0||MB|2814350793800|32|1~NM1|QC|1|KISER|BEN||||HN|456687960M~NM1|82|1||||||XX|1962447805~MOA|||MA01~DTM|050|20141216~SVC|HC^99307|51|0||||1~DTM|472|20140903~CAS|OA|18|51~REF|LU|32~REF|6R|1320847573Z1~LQ|HE|N522~CLP|234-775|4|120|0||MB|2814350277620|21|1~NM1|QC|1|JANE|KOCZOT|T|||HN|346246421A~NM1|82|1||||||XX|1962447805~MOA|||MA130|MA61~DTM|050|20141216~SVC|HC^99233|120|0||||1~DTM|472|20140901~CAS|CO|140|120~REF|LU|21~REF|6R|1320480106Z1~LQ|HE|MA130~LQ|HE|MA61~CLP|230-765|4|155|0||MB|2814350277440|31|1~NM1|QC|1|RICE|DOROTHY|W|||HN|449744206A~NM1|82|1||||||XX|1952303547~MOA|||MA130|MA61~DTM|050|20141216~SVC|HC^99310|155|0||||1~DTM|472|20140918~CAS|CO|140|155~REF|LU|31~REF|6R|1320446605Z1~LQ|HE|MA130~LQ|HE|MA61~CLP|232-773|4|120|0||MB|2814350277640|21|1~NM1|QC|1|GLENN|WILSON|E|||HN|444405149A~NM1|82|1||||||XX|1962447805~MOA|||MA130|MA61~DTM|050|20141216~SVC|HC^99233|120|0||||1~DTM|472|20140901~CAS|CO|140|120~REF|LU|21~REF|6R|1320481886Z1~LQ|HE|MA130~LQ|HE|MA61~SE|107|0001~ST|835|0002~BPR|I|2183.66|C|ACH|CCP|01|081517693|DA|152302017594|1205296137||01|111000025|DA|488038453432|20141218~TRN|1|889174206|1205296137~REF|EV|E12705~DTM|405|20141217~N1|PR|NOVITAS SOLUTIONS, INC.~N3|PO BOX 3110~N4|MECHANICSBURG|PA|170551826~REF|2U|04412~PER|CX||TE|8552528782~N1|PE|DFW GERIATRICS PLLC|XX|1063835361~N3|2925 SKYWAY CIRCLE NORTH~N4|IRVING|TX|750383510~REF|TJ|464596718~LX|1~CLP|27-114|1|121|78.95|20.14|MB|2814338651560|31|1~NM1|QC|1|ANDERSON|ROY|B|||HN|449190079A~NM1|82|1||||||XX|1962447805~MOA|||MA01~DTM|050|20141204~SVC|HC^99316|121|78.95||1~DTM|472|20140701~CAS|CO|45|20.3||253|1.61~CAS|PR|2|20.14~REF|LU|31~REF|6R|1311002550Z1~AMT|B6|100.7~CLP|7-139|19|51|33.58|8.57|MB|2814338651740|32|1~NM1|QC|1|BACCUS|MARILYN|D|||HN|466179221T~NM1|82|1||||||XX|1962447805~NM1|TT|2|TX HEALTH & HUMAN SERVICES COMMI|||||PI|70051~MOA|||MA01|MA07~DTM|050|20141204~SVC|HC^99307|51|33.58||1~DTM|472|20140721~CAS|CO|45|8.16||253|.69~CAS|PR|2|8.57~REF|LU|32~REF|6R|1311002573Z1~AMT|B6|42.84~CLP|8-138|19|104|68.25|17.41|MB|2814338651730|31|1~NM1|QC|1|BAREFIELD|EVELYN||||HN|459193092A~NM1|82|1||||||XX|1962447805~NM1|TT|2|TX HEALTH & HUMAN SERVICES COMMI|||||PI|70051~MOA|||MA01|MA07~DTM|050|20141204~SVC|HC^99309|104|68.25||1~DTM|472|20140722~CAS|CO|45|16.95||253|1.39~CAS|PR|2|17.41~REF|LU|31~REF|6R|1311002572Z1~AMT|B6|87.05~CLP|8-172|19|104|68.25|17.41|MB|2814338652000|31|1~NM1|QC|1|BAREFIELD|EVELYN||||HN|459193092A~NM1|82|1||||||XX|1962447805~NM1|TT|2|TX HEALTH & HUMAN SERVICES COMMI|||||PI|70051~MOA|||MA01|MA07~DTM|050|20141204~SVC|HC^99309|104|68.25||1~DTM|472|20140705~CAS|CO|45|16.95||253|1.39~CAS|PR|2|17.41~REF|LU|31~REF|6R|1311003629Z1~AMT|B6|87.05~CLP|15-128|19|51|33.58|8.57|MB|2814338651660|32|1~NM1|QC|1|BOOKER|ROY|G|||HN|458824469M~NM1|82|1||||||XX|1962447805~NM1|TT|2|TX HEALTH & HUMAN SERVICES COMMI|||||PI|70051~MOA|||MA01|MA07~DTM|050|20141204~SVC|HC^99307|51|33.58||1~DTM|472|20140714~CAS|CO|45|8.16||253|.69~CAS|PR|2|8.57~REF|LU|32~REF|6R|1311002564Z1~AMT|B6|42.84~CLP|15-140|19|51|33.58|8.57|MB|2814338651750|32|1~NM1|QC|1|BOOKER|ROY|G|||HN|458824469M~NM1|82|1||||||XX|1962447805~NM1|TT|2|TX HEALTH & HUMAN SERVICES COMMI|||||PI|70051~MOA|||MA01|MA07~DTM|050|20141204~SVC|HC^99307|51|33.58||1~DTM|472|20140721~CAS|CO|45|8.16||253|.69~CAS|PR|2|8.57~REF|LU|32~REF|6R|1311002574Z1~AMT|B6|42.84~CLP|15-146|19|51|33.58|8.57|MB|2814338651790|32|1~NM1|QC|1|BOOKER|ROY|G|||HN|458824469M~NM1|82|1||||||XX|1962447805~NM1|TT|2|TX HEALTH & HUMAN SERVICES COMMI|||||PI|70051~MOA|||MA01|MA07~DTM|050|20141204~SVC|HC^99307|51|33.58||1~DTM|472|20140728~CAS|CO|45|8.16||253|.69~CAS|PR|2|8.57~REF|LU|32~REF|6R|1311002579Z1~AMT|B6|42.84~CLP|138-166|19|51|33.58|8.57|MB|2814338651970|32|1~NM1|QC|1|BRIDGES|JERRY|W|||HN|461664883A~NM1|82|1||||||XX|1962447805~NM1|TT|2|TX HEALTH & HUMAN SERVICES COMMI|||||PI|70051~MOA|||MA01|MA07~DTM|050|20141204~SVC|HC^99307|51|33.58||1~DTM|472|20140811~CAS|CO|45|8.16||253|.69~CAS|PR|2|8.57~REF|LU|32~REF|6R|1311003626Z1~AMT|B6|42.84~CLP|79-127|19|51|33.58|8.57|MB|2814338651830|32|1~NM1|QC|1|BURTON|DOLORES|J|||HN|456446751A~NM1|82|1||||||XX|1962447805~NM1|TT|2|TX HEALTH & HUMAN SERVICES COMMI|||||PI|70051~MOA|||MA01|MA07~DTM|050|20141204~SVC|HC^99307|51|33.58||1~DTM|472|20140714~CAS|CO|45|8.16||253|.69~CAS|PR|2|8.57~REF|LU|32~REF|6R|1311003608Z1~AMT|B6|42.84~CLP|79-151|19|51|33.58|8.57|MB|2814338651840|32|1~NM1|QC|1|BURTON|DOLORES|J|||HN|456446751A~NM1|82|1||||||XX|1962447805~NM1|TT|2|TX HEALTH & HUMAN SERVICES COMMI|||||PI|70051~MOA|||MA01|MA07~DTM|050|20141204~SVC|HC^99307|51|33.58||1~DTM|472|20140707~CAS|CO|45|8.16||253|.69~CAS|PR|2|8.57~REF|LU|32~REF|6R|1311003609Z1~AMT|B6|42.84~CLP|79-152|19|104|68.25|17.41|MB|2814338651850|32|1~NM1|QC|1|BURTON|DOLORES|J|||HN|456446751A~NM1|82|1||||||XX|1962447805~NM1|TT|2|TX HEALTH & HUMAN SERVICES COMMI|||||PI|70051~MOA|||MA01|MA07~DTM|050|20141204~SVC|HC^99309|104|68.25||1~DTM|472|20140728~CAS|CO|45|16.95||253|1.39~CAS|PR|2|17.41~REF|LU|32~REF|6R|1311003610Z1~AMT|B6|87.05~CLP|82-176|19|51|33.58|8.57|MB|2814338652030|31|1~NM1|QC|1|CLARK|CAROLYN|L|||HN|457403636D~NM1|82|1||||||XX|1962447805~NM1|TT|2|UNITEDHEALTH GROUP|||||PI|30002~MOA|||MA01|MA18~DTM|050|20141204~SVC|HC^99307|51|33.58||1~DTM|472|20140814~CAS|CO|45|8.16||253|.69~CAS|PR|2|8.57~REF|LU|31~REF|6R|1311003633Z1~AMT|B6|42.84~CLP|92-158|19|104|68.25|17.41|MB|2814338651900|32|1~NM1|QC|1|COLLINS|VELMA||||HN|449463498D~NM1|82|1||||||XX|1962447805~NM1|TT|2|TX HEALTH & HUMAN SERVICES COMMI|||||PI|70051~MOA|||MA01|MA07~DTM|050|20141204~SVC|HC^99309|104|68.25||1~DTM|472|20140804~CAS|CO|45|16.95||253|1.39~CAS|PR|2|17.41~REF|LU|32~REF|6R|1311003619Z1~AMT|B6|87.05~CLP|94-150|19|104|68.25|17.41|MB|2814338651810|32|1~NM1|QC|1|CRENSHAW|RAYMOND||||HN|449505453M~NM1|82|1||||||XX|1962447805~NM1|TT|2|TX HEALTH & HUMAN SERVICES COMMI|||||PI|70051~MOA|||MA01|MA07~DTM|050|20141204~SVC|HC^99309|104|68.25||1~DTM|472|20140728~CAS|CO|45|16.95||253|1.39~CAS|PR|2|17.41~REF|LU|32~REF|6R|1311002583Z1~AMT|B6|87.05~CLP|120-177|19|51|33.58|8.57|MB|2814338652040|31|1~NM1|QC|1|CROWDER|EVA||||HN|460445627A~NM1|82|1||||||XX|1962447805~NM1|TT|2|AETNA, INC.|||||PI|00060~MOA|||MA01|MA18~DTM|050|20141204~SVC|HC^99307|51|33.58||1~DTM|472|20140814~CAS|CO|45|8.16||253|.69~CAS|PR|2|8.57~REF|LU|31~REF|6R|1311003634Z1~AMT|B6|42.84~CLP|96-157|19|79|51.8|13.21|MB|2814338651890|32|1~NM1|QC|1|DANIEL|JAMES||||HN|457235517T~NM1|82|1||||||XX|1962447805~NM1|TT|2|TX HEALTH & HUMAN SERVICES COMMI|||||PI|70051~MOA|||MA01|MA07~DTM|050|20141204~SVC|HC^99308|79|51.8||1~DTM|472|20140804~CAS|CO|45|12.93||253|1.06~CAS|PR|2|13.21~REF|LU|32~REF|6R|1311003617Z1~AMT|B6|66.07~CLP|192-182|19|121|78.95|20.14|MB|2814338652070|31|1~NM1|QC|1|DAVIS|ANNIE|V|||HN|456224734A~NM1|82|1||||||XX|1962447805~NM1|TT|2|UNITED AMERICAN INSURANCE CO|||||PI|30034~MOA|||MA01|MA18~DTM|050|20141204~SVC|HC^99316|121|78.95||1~DTM|472|20140814~CAS|CO|45|20.3||253|1.61~CAS|PR|2|20.14~REF|LU|31~REF|6R|1311003637Z1~AMT|B6|100.7~CLP|110-143|19|51|33.58|8.57|MB|2814338651770|32|1~NM1|QC|1|ELLIS|JOHNNY|R|||HN|455964775A~NM1|82|1||||||XX|1962447805~NM1|TT|2|TX HEALTH & HUMAN SERVICES COMMI|||||PI|70051~MOA|||MA01|MA07~DTM|050|20141204~SVC|HC^99307|51|33.58||1~DTM|472|20140721~CAS|CO|45|8.16||253|.69~CAS|PR|2|8.57~REF|LU|32~REF|6R|1311002577Z1~AMT|B6|42.84~CLP|217-156|19|51|33.58|8.57|MB|2814338651880|32|1~NM1|QC|1|EVANS|MORIE|M|||HN|453197449A~NM1|82|1||||||XX|1962447805~NM1|TT|2|TX HEALTH & HUMAN SERVICES COMMI|||||PI|70051~MOA|||MA01|MA07~DTM|050|20141204~SVC|HC^99307|51|33.58||1~DTM|472|20140804~CAS|CO|45|8.16||253|.69~CAS|PR|2|8.57~REF|LU|32~REF|6R|1311003615Z1~AMT|B6|42.84~CLP|72-174|19|51|33.58|8.57|MB|2814338652010|32|1~NM1|QC|1|GAINES|GWENDOLYN||||HN|462219921TA~NM1|82|1||||||XX|1962447805~NM1|TT|2|TX HEALTH & HUMAN SERVICES COMMI|||||PI|70051~MOA|||MA01|MA07~DTM|050|20141204~SVC|HC^99307|51|33.58||1~DTM|472|20140811~CAS|CO|45|8.16||253|.69~CAS|PR|2|8.57~REF|LU|32~REF|6R|1311003631Z1~AMT|B6|42.84~CLP|127-116|19|51|33.58|8.57|MB|2814338652110|32|1~NM1|QC|1|GALIMORE|FELIXD||||HN|439522668A~NM1|82|1||||||XX|1962447805~NM1|TT|2|TX HEALTH & HUMAN SERVICES COMMI|||||PI|70051~MOA|||MA01|MA07~DTM|050|20141204~SVC|HC^99307|51|33.58||1~DTM|472|20140714~CAS|CO|45|8.16||253|.69~CAS|PR|2|8.57~REF|LU|32~REF|6R|1311014626Z1~AMT|B6|42.84~CLP|129-125|19|104|68.25|17.41|MB|2814338651640|32|1~NM1|QC|1|GARN|JAMES|F|||HN|467240006A~NM1|82|1||||||XX|1962447805~NM1|TT|2|TX HEALTH & HUMAN SERVICES COMMI|||||PI|70051~MOA|||MA01|MA07~DTM|050|20141204~SVC|HC^99309|104|68.25||1~DTM|472|20140714~CAS|CO|45|16.95||253|1.39~CAS|PR|2|17.41~REF|LU|32~REF|6R|1311002562Z1~AMT|B6|87.05~CLP|87-120|19|51|33.58|8.57|MB|2814338652100|32|1~NM1|QC|1|GIPSON|CARRIE||||HN|457404502B~NM1|82|1||||||XX|1962447805~NM1|TT|2|TX HEALTH & HUMAN SERVICES COMMI|||||PI|70051~MOA|||MA01|MA07~DTM|050|20141204~SVC|HC^99307|51|33.58||1~DTM|472|20140714~CAS|CO|45|8.16||253|.69~CAS|PR|2|8.57~REF|LU|32~REF|6R|1311014021Z1~AMT|B6|42.84~CLP|53-122|19|79|51.8|13.21|MB|2814338651600|32|1~NM1|QC|1|HOLLAND|TRUDY||||HN|465045111A~NM1|82|1||||||XX|1962447805~NM1|TT|2|TX HEALTH & HUMAN SERVICES COMMI|||||PI|70051~MOA|||MA01|MA07~DTM|050|20141204~SVC|HC^99308|79|51.8||1~DTM|472|20140714~CAS|CO|45|12.93||253|1.06~CAS|PR|2|13.21~REF|LU|32~REF|6R|1311002558Z1~AMT|B6|66.07~CLP|53-141|19|155|101.51|25.89|MB|2814338651760|32|1~NM1|QC|1|HOLLAND|TRUDY||||HN|465045111A~NM1|82|1||||||XX|1962447805~NM1|TT|2|TX HEALTH & HUMAN SERVICES COMMI|||||PI|70051~MOA|||MA01|MA07~DTM|050|20141204~SVC|HC^99310|155|101.51||1~DTM|472|20140721~CAS|CO|45|25.53||253|2.07~CAS|PR|2|25.89~REF|LU|32~REF|6R|1311002575Z1~AMT|B6|129.47~CLP|158-117|19|51|33.58|8.57|MB|2814338651570|32|1~NM1|QC|1|LUCKETT|MARY||||HN|523464493A~NM1|82|1||||||XX|1962447805~NM1|TT|2|TX HEALTH & HUMAN SERVICES COMMI|||||PI|70051~MOA|||MA01|MA07~DTM|050|20141204~SVC|HC^99307|51|33.58||1~DTM|472|20140714~CAS|CO|45|8.16||253|.69~CAS|PR|2|8.57~REF|LU|32~REF|6R|1311002554Z1~AMT|B6|42.84~CLP|158-159|19|79|51.8|13.21|MB|2814338651910|32|1~NM1|QC|1|LUCKETT|MARY||||HN|523464493A~NM1|82|1||||||XX|1962447805~NM1|TT|2|TX HEALTH & HUMAN SERVICES COMMI|||||PI|70051~MOA|||MA01|MA07~DTM|050|20141204~SVC|HC^99308|79|51.8||1~DTM|472|20140804~CAS|CO|45|12.93||253|1.06~CAS|PR|2|13.21~REF|LU|32~REF|6R|1311003620Z1~AMT|B6|66.07~CLP|158-164|19|51|33.58|8.57|MB|2814338651960|32|1~NM1|QC|1|LUCKETT|MARY||||HN|523464493A~NM1|82|1||||||XX|1962447805~NM1|TT|2|TX HEALTH & HUMAN SERVICES COMMI|||||PI|70051~MOA|||MA01|MA07~DTM|050|20141204~SVC|HC^99307|51|33.58||1~DTM|472|20140811~CAS|CO|45|8.16||253|.69~CAS|PR|2|8.57~REF|LU|32~REF|6R|1311003625Z1~AMT|B6|42.84~CLP|161-144|19|104|68.25|17.41|MB|2814338651780|31|1~NM1|QC|1|MALAKY|SOGHRA||||HN|457417307A~NM1|82|1||||||XX|1962447805~NM1|TT|2|TX HEALTH & HUMAN SERVICES COMMI|||||PI|70051~MOA|||MA01|MA07~DTM|050|20141204~SVC|HC^99309|104|68.25||1~DTM|472|20140722~CAS|CO|45|16.95||253|1.39~CAS|PR|2|17.41~REF|LU|31~REF|6R|1311002578Z1~AMT|B6|87.05~CLP|173-133|19|51|33.58|8.57|MB|2814338651700|32|1~NM1|QC|1|MITCHELL|CARL|W|||HN|449686350A~NM1|82|1||||||XX|1962447805~NM1|TT|2|TX HEALTH & HUMAN SERVICES COMMI|||||PI|70051~MOA|||MA01|MA07~DTM|050|20141204~SVC|HC^99307|51|33.58||1~DTM|472|20140630~CAS|CO|45|8.16||253|.69~CAS|PR|2|8.57~REF|LU|32~REF|6R|1311002569Z1~AMT|B6|42.84~CLP|100-121|19|51|33.58|8.57|MB|2814338651610|32|1~NM1|QC|1|PETERSON|DEBORAH||||HN|464111423A~NM1|82|1||||||XX|1962447805~NM1|TT|2|TX HEALTH & HUMAN SERVICES COMMI|||||PI|70051~MOA|||MA01|MA07~DTM|050|20141204~SVC|HC^99307|51|33.58||1~DTM|472|20140714~CAS|CO|45|8.16||253|.69~CAS|PR|2|8.57~REF|LU|32~REF|6R|1311002559Z1~AMT|B6|42.84~CLP|200-175|19|104|68.25|17.41|MB|2814338652020|31|1~NM1|QC|1|POWERS|JAMES|R|||HN|464443192A~NM1|82|1||||||XX|1962447805~NM1|TT|2|UNITEDHEALTHCARE|||||PI|00082~MOA|||MA01|MA18~DTM|050|20141204~SVC|HC^99309|104|68.25||1~DTM|472|20140807~CAS|CO|45|16.95||253|1.39~CAS|PR|2|17.41~REF|LU|31~REF|6R|1311003632Z1~AMT|B6|87.05~CLP|206-153|19|51|33.58|8.57|MB|2814338652080|32|1~NM1|QC|1|ROBERTS|MILTON||||HN|459741771A~NM1|82|1||||||XX|1962447805~NM1|TT|2|TX HEALTH & HUMAN SERVICES COMMI|||||PI|70051~MOA|||MA01|MA07~DTM|050|20141204~SVC|HC^99307|51|33.58||1~DTM|472|20140728~CAS|CO|45|8.16||253|.69~CAS|PR|2|8.57~REF|LU|32~REF|6R|1311008053Z1~AMT|B6|42.84~CLP|19-148|19|51|33.58|8.57|MB|2814338652090|32|1~NM1|QC|1|RYLANDER|RICHARD||||HN|435661924A~NM1|82|1||||||XX|1962447805~NM1|TT|2|TX HEALTH & HUMAN SERVICES COMMI|||||PI|70051~MOA|||MA01|MA07~DTM|050|20141204~SVC|HC^99307|51|33.58||1~DTM|472|20140728~CAS|CO|45|8.16||253|.69~CAS|PR|2|8.57~REF|LU|32~REF|6R|1311008573Z1~AMT|B6|42.84~CLP|19-147|19|51|33.58|8.57|MB|2814338652140|32|1~NM1|QC|1|RYLANDER|RICHARD||||HN|435661924A~NM1|82|1||||||XX|1962447805~NM1|TT|2|TX HEALTH & HUMAN SERVICES COMMI|||||PI|70051~MOA|||MA01|MA07~DTM|050|20141204~SVC|HC^99307|51|33.58||1~DTM|472|20140630~CAS|CO|45|8.16||253|.69~CAS|PR|2|8.57~REF|LU|32~REF|6R|1311023986Z1~AMT|B6|42.84~CLP|50-123|19|51|33.58|8.57|MB|2814338651620|32|1~NM1|QC|1|SANDERS|TONY|R|||HN|467086770A~NM1|82|1||||||XX|1962447805~NM1|TT|2|TX HEALTH & HUMAN SERVICES COMMI|||||PI|70051~MOA|||MA01|MA07~DTM|050|20141204~SVC|HC^99307|51|33.58||1~DTM|472|20140702~CAS|CO|45|8.16||253|.69~CAS|PR|2|8.57~REF|LU|32~REF|6R|1311002560Z1~AMT|B6|42.84~CLP|50-124|19|104|68.25|17.41|MB|2814338651630|32|1~NM1|QC|1|SANDERS|TONY|R|||HN|467086770A~NM1|82|1||||||XX|1962447805~NM1|TT|2|TX HEALTH & HUMAN SERVICES COMMI|||||PI|70051~MOA|||MA01|MA07~DTM|050|20141204~SVC|HC^99309|104|68.25||1~DTM|472|20140714~CAS|CO|45|16.95||253|1.39~CAS|PR|2|17.41~REF|LU|32~REF|6R|1311002561Z1~AMT|B6|87.05~CLP|50-154|19|51|33.58|8.57|MB|2814338651860|32|1~NM1|QC|1|SANDERS|TONY|R|||HN|467086770A~NM1|82|1||||||XX|1962447805~NM1|TT|2|TX HEALTH & HUMAN SERVICES COMMI|||||PI|70051~MOA|||MA01|MA07~DTM|050|20141204~SVC|HC^99307|51|33.58||1~DTM|472|20140804~CAS|CO|45|8.16||253|.69~CAS|PR|2|8.57~REF|LU|32~REF|6R|1311003612Z1~AMT|B6|42.84~CLP|33-130|19|51|33.58|8.57|MB|2814338651680|32|1~NM1|QC|1|SAVANNAH|BILLY||||HN|439621087A~NM1|82|1||||||XX|1962447805~NM1|TT|2|TX HEALTH & HUMAN SERVICES COMMI|||||PI|70051~MOA|||MA01|MA07~DTM|050|20141204~SVC|HC^99307|51|33.58||1~DTM|472|20140714~CAS|CO|45|8.16||253|.69~CAS|PR|2|8.57~REF|LU|32~REF|6R|1311002566Z1~AMT|B6|42.84~CLP|33-160|19|51|33.58|8.57|MB|2814338651920|32|1~NM1|QC|1|SAVANNAH|BILLY||||HN|439621087A~NM1|82|1||||||XX|1962447805~NM1|TT|2|TX HEALTH & HUMAN SERVICES COMMI|||||PI|70051~MOA|||MA01|MA07~DTM|050|20141204~SVC|HC^99307|51|33.58||1~DTM|472|20140804~CAS|CO|45|8.16||253|.69~CAS|PR|2|8.57~REF|LU|32~REF|6R|1311003621Z1~AMT|B6|42.84~CLP|37-163|19|51|33.58|8.57|MB|2814338651950|32|1~NM1|QC|1|SMALLE|WILLIE||||HN|441409399A~NM1|82|1||||||XX|1962447805~NM1|TT|2|TX HEALTH & HUMAN SERVICES COMMI|||||PI|70051~MOA|||MA01|MA07~DTM|050|20141204~SVC|HC^99307|51|33.58||1~DTM|472|20140811~CAS|CO|45|8.16||253|.69~CAS|PR|2|8.57~REF|LU|32~REF|6R|1311003624Z1~AMT|B6|42.84~CLP|149-119|19|51|33.58|8.57|MB|2814338651590|32|1~NM1|QC|1|SMITH|KAREN||||HN|464080734A~NM1|82|1||||||XX|1962447805~NM1|TT|2|TX HEALTH & HUMAN SERVICES COMMI|||||PI|70051~MOA|||MA01|MA07~DTM|050|20141204~SVC|HC^99307|51|33.58||1~DTM|472|20140702~CAS|CO|45|8.16||253|.69~CAS|PR|2|8.57~REF|LU|32~REF|6R|1311002557Z1~AMT|B6|42.84~CLP|42-149|19|51|33.58|8.57|MB|2814338651800|32|1~NM1|QC|1|SPENCER|GERALDINE|M|||HN|450745441A~NM1|82|1||||||XX|1962447805~NM1|TT|2|TX HEALTH & HUMAN SERVICES COMMI|||||PI|70051~MOA|||MA01|MA07~DTM|050|20141204~SVC|HC^99307|51|33.58||1~DTM|472|20140728~CAS|CO|45|8.16||253|.69~CAS|PR|2|8.57~REF|LU|32~REF|6R|1311002582Z1~AMT|B6|42.84~CLP|14-131|1|51|33.58|8.57|MB|2814338651690|32|1~NM1|QC|1|TATUM|BILLY||||HN|464486388A~NM1|82|1||||||XX|1962447805~MOA|||MA01~DTM|050|20141204~SVC|HC^99307|51|33.58||1~DTM|472|20140714~CAS|CO|45|8.16||253|.69~CAS|PR|2|8.57~REF|LU|32~REF|6R|1311002567Z1~AMT|B6|42.84~CLP|106-115|19|121|78.95|20.14|MB|2814338652120|31|1~NM1|QC|1|TRUITT|EDNA|M|||HN|525984665A~NM1|82|1||||||XX|1962447805~NM1|TT|2|HCSC-BCBS OF NM-OTHER B ONLY|||||PI|00042~MOA|||MA01|MA18~DTM|050|20141204~SVC|HC^99316|121|78.95||1~DTM|472|20140630~CAS|CO|45|20.3||253|1.61~CAS|PR|2|20.14~REF|LU|31~REF|6R|1311018904Z1~AMT|B6|100.7~CLP|195-170|1|104|68.25|17.41|MB|2814338651990|31|1~NM1|QC|1|VEACH|CAROL|A|||HN|388320226A~NM1|82|1||||||XX|1962447805~MOA|||MA01~DTM|050|20141204~SVC|HC^99309|104|68.25||1~DTM|472|20140807~CAS|CO|45|16.95||253|1.39~CAS|PR|2|17.41~REF|LU|31~REF|6R|1311003628Z1~AMT|B6|87.05~CLP|34-136|19|51|33.58|8.57|MB|2814338651710|32|1~NM1|QC|1|WOODARD|SEYMOUR||||HN|459749510A~NM1|82|1||||||XX|1962447805~NM1|TT|2|TX HEALTH & HUMAN SERVICES COMMI|||||PI|70051~MOA|||MA01|MA07~DTM|050|20141204~SVC|HC^99307|51|33.58||1~DTM|472|20140714~CAS|CO|45|8.16||253|.69~CAS|PR|2|8.57~REF|LU|32~REF|6R|1311002570Z1~AMT|B6|42.84~SE|624|0002~GE|2|310~IEA|1|000000315~