ISA|00|          |00|          |ZZ|ZIRMED         |30|611340767      |141230|0619|U|00401|000000412|0|P|^~GS|HP|ZIRMED|611340767|20141230|0619|407|X|004010X091A1~ST|835|0001~BPR|I|43.17|C|ACH|CCP|01|011900445|DA|0000009046|1066033492||01|111000025|DA|488038453432|20150102~TRN|1|814363320003815|1066033492~REF|EV|611340767~DTM|405|20141230~N1|PR|AETNA~N3|151 FARMINGTON AVENUE~N4|HARTFORD|CT|06156~N1|PE|KETHA, SUMANA|XX|1063835361~N3|2925 SKYWAY CIR N~N4|IRVING|TX|750383510~REF|PQ|762610840~REF|TJ|464596718~LX|1~TS3|1063835361|31|20141231|3|323~CLP|202-112|2|193|25.74|6.44|15|ENFBKDQYH0000|31|1~NM1|QC|1|TRAINHAM|KENNETH|E|||MI|458546669A~NM1|74|1||||||C|W183895427~NM1|82|1|KETHA|SUMANA||||XX|1063835361~REF|1L|0476527-012-00364- G~REF|CE|TRADITIONAL CHOICE~DTM|232|20140701~DTM|233|20140701~DTM|050|20141218~PER|CX||TE|8886323862~AMT|AU|193~SVC|HC^99306|193|25.74||1~DTM|472|20140701~CAS|OA|23|160.82~CAS|PR|2|6.44~REF|6R|1308595916Z1~AMT|B6|158.33~LQ|HE|N192~CLP|120-93|2|79|10.57|2.64|15|ENPBKF83M0000|31|1~NM1|QC|1|CROWDER|EVA|B|||MI|460445627A~NM1|74|1||||||C|W051736079~NM1|82|1|KETHA|SUMANA||||XX|1063835361~REF|1L|0895980-030-00100-CI~REF|CE|TRADITIONAL CHOICE~DTM|232|20140703~DTM|233|20140703~DTM|050|20141218~PER|CX||TE|8886323862~AMT|AU|79~SVC|HC^99308|79|10.57||1~DTM|472|20140703~CAS|OA|23|65.79~CAS|PR|2|2.64~REF|6R|1308595898Z1~AMT|B6|65.01~LQ|HE|N192~CLP|120-177|2|51|6.86|1.71|15|EWFBJTSYH0000|31|1~NM1|QC|1|CROWDER|EVA|B|||MI|460445627A~NM1|74|1||||||C|W051736079~NM1|82|1|KETHA|SUMANA||||XX|1063835361~REF|1L|0895980-030-00100-CI~REF|CE|TRADITIONAL CHOICE~DTM|232|20140814~DTM|233|20140814~DTM|050|20141220~PER|CX||TE|8886323862~AMT|AU|51~SVC|HC^99307|51|6.86||1~DTM|472|20140814~CAS|OA|23|42.43~CAS|PR|2|1.71~REF|6R|1311003634Z1~AMT|B6|42.15~LQ|HE|N192~SE|70|0001~GE|1|407~IEA|1|000000412~