ISA|00|          |00|          |ZZ|ZIRMED         |29|E12705         |141126|1004|U|00401|000000147|0|P|^~GS|HP|ZIRMED|E12705|20141126|1004|147|X|004010X091A1~ST|835|0001~BPR|I|586.56|C|ACH|CCP|01|081517693|DA|152302017594|1205296137||01|111000025|DA|488038453432|20141126~TRN|1|889016843|1205296137~REF|EV|E12705~DTM|405|20141125~N1|PR|NOVITAS SOLUTIONS, INC.~N3|PO BOX 3110~N4|MECHANICSBURG|PA|170551826~REF|2U|04412~PER|CX||TE|8552528782~N1|PE|DFW GERIATRICS PLLC|XX|1063835361~N3|2925 SKYWAY CIRCLE NORTH~N4|IRVING|TX|750383510~REF|TJ|464596718~LX|1~CLP|95-30|19|104|61.06|15.58|MB|2814316289650|31|1~NM1|QC|1|DAILY|TOM|A|||HN|467645645A~NM1|82|1||||||XX|1952303547~NM1|TT|2|TX HEALTH & HUMAN SERVICES COMMI|||||PI|70051~MOA|||MA01|MA07~DTM|050|20141112~SVC|HC^99309|104|61.06||1~DTM|472|20140624~CAS|CO|45|26.11||253|1.25~CAS|PR|2|15.58~REF|LU|31~REF|6R|1290656099Z1~AMT|B6|77.89~CLP|99-25|19|120|78.09|19.92|MB|2814316289600|21|1~NM1|QC|1|DAVIS|KENNETH|W|||HN|453272992A~NM1|82|1||||||XX|1962447805~NM1|TT|2|TX HEALTH & HUMAN SERVICES COMMI|||||PI|70051~MOA|||MA01|MA07~DTM|050|20141112~SVC|HC^99233|120|78.09||1~DTM|472|20140625~CAS|CO|45|20.4||253|1.59~CAS|PR|2|19.92~REF|LU|21~REF|6R|1290602426Z1~AMT|B6|99.6~CLP|99-26|19|83|54.18|13.82|MB|2814316289610|21|1~NM1|QC|1|DAVIS|KENNETH|W|||HN|453272992A~NM1|82|1||||||XX|1962447805~NM1|TT|2|TX HEALTH & HUMAN SERVICES COMMI|||||PI|70051~MOA|||MA01|MA07~DTM|050|20141112~SVC|HC^99232|83|54.18||1~DTM|472|20140626~CAS|CO|45|13.89||253|1.11~CAS|PR|2|13.82~REF|LU|21~REF|6R|1290602428Z1~AMT|B6|69.11~CLP|99-28|19|83|54.18|13.82|MB|2814316289620|21|1~NM1|QC|1|DAVIS|KENNETH|W|||HN|453272992A~NM1|82|1||||||XX|1962447805~NM1|TT|2|TX HEALTH & HUMAN SERVICES COMMI|||||PI|70051~MOA|||MA01|MA07~DTM|050|20141112~SVC|HC^99232|83|54.18||1~DTM|472|20140628~CAS|CO|45|13.89||253|1.11~CAS|PR|2|13.82~REF|LU|21~REF|6R|1290602432Z1~AMT|B6|69.11~CLP|99-29|19|83|54.18|13.82|MB|2814316289630|21|1~NM1|QC|1|DAVIS|KENNETH|W|||HN|453272992A~NM1|82|1||||||XX|1962447805~NM1|TT|2|TX HEALTH & HUMAN SERVICES COMMI|||||PI|70051~MOA|||MA01|MA07~DTM|050|20141112~SVC|HC^99232|83|54.18||1~DTM|472|20140629~CAS|CO|45|13.89||253|1.11~CAS|PR|2|13.82~REF|LU|21~REF|6R|1290602435Z1~AMT|B6|69.11~CLP|99-27|19|83|54.18|13.82|MB|2814316289640|21|1~NM1|QC|1|DAVIS|KENNETH|W|||HN|453272992A~NM1|82|1||||||XX|1962447805~NM1|TT|2|TX HEALTH & HUMAN SERVICES COMMI|||||PI|70051~MOA|||MA01|MA07~DTM|050|20141112~SVC|HC^99232|83|54.18||1~DTM|472|20140627~CAS|CO|45|13.89||253|1.11~CAS|PR|2|13.82~REF|LU|21~REF|6R|1290602436Z1~AMT|B6|69.11~CLP|56-31|19|120|78.09|19.92|MB|2814316763950|21|1~NM1|QC|1|VASQUEZJR|BERNARDO|J|||HN|462769479A~NM1|82|1||||||XX|1962447805~NM1|TT|2|TX HEALTH & HUMAN SERVICES COMMI|||||PI|70051~MOA|||MA01|MA07~DTM|050|20141112~SVC|HC^99233|120|78.09||1~DTM|472|20140629~CAS|CO|45|20.4||253|1.59~CAS|PR|2|19.92~REF|LU|21~REF|6R|1290926814Z1~AMT|B6|99.6~CLP|56-32|19|234|152.6|38.93|MB|2814316763960|21|1~NM1|QC|1|VASQUEZJR|BERNARDO|J|||HN|462769479A~NM1|82|1||||||XX|1962447805~NM1|TT|2|TX HEALTH & HUMAN SERVICES COMMI|||||PI|70051~MOA|||MA01|MA07~DTM|050|20141112~SVC|HC^99223|234|152.6||1~DTM|472|20140628~CAS|CO|45|39.36||253|3.11~CAS|PR|2|38.93~REF|LU|21~REF|6R|1290967752Z1~AMT|B6|194.64~SE|120|0001~GE|1|147~IEA|1|000000147~