ISA|00|          |00|          |ZZ|ZIRMED         |29|E12705         |141204|0410|U|00401|000000151|0|P|^~GS|HP|ZIRMED|E12705|20141204|0410|151|X|004010X091A1~ST|835|0001~BPR|I|1555.53|C|ACH|CCP|01|081517693|DA|152302017594|1205296137||01|111000025|DA|488038453432|20141204~TRN|1|889091921|1205296137~REF|EV|E12705~DTM|405|20141203~N1|PR|NOVITAS SOLUTIONS, INC.~N3|PO BOX 3110~N4|MECHANICSBURG|PA|170551826~REF|2U|04412~PER|CX||TE|8552528782~N1|PE|DFW GERIATRICS PLLC|XX|1063835361~N3|2925 SKYWAY CIRCLE NORTH~N4|IRVING|TX|750383510~REF|TJ|464596718~LX|1~CLP|144-76|19|120|78.09|19.92|MB|2814324748130|21|1~NM1|QC|1|JONES|FRANCES|C|||HN|254282932D6~NM1|82|1||||||XX|1962447805~NM1|TT|2|UNITEDHEALTH GROUP|||||PI|30002~MOA|||MA01|MA18~DTM|050|20141120~SVC|HC^99233|120|78.09||1~DTM|472|20140722~CAS|CO|45|20.4||253|1.59~CAS|PR|2|19.92~REF|LU|21~REF|6R|1299274072Z1~AMT|B6|99.6~CLP|144-75|19|226|147.26|37.56|MB|2814324748150|21|1~NM1|QC|1|JONES|FRANCES|C|||HN|254282932D6~NM1|82|1||||||XX|1962447805~NM1|TT|2|UNITEDHEALTH GROUP|||||PI|30002~MOA|||MA01|MA18~DTM|050|20141120~SVC|HC^99233^25|120|78.09||1~DTM|472|20140721~CAS|CO|45|20.4||253|1.59~CAS|PR|2|19.92~REF|LU|21~REF|6R|1299274440Z1~AMT|B6|99.6~SVC|HC^99356|106|69.17||1~DTM|472|20140721~CAS|CO|45|17.78||253|1.41~CAS|PR|2|17.64~REF|LU|21~REF|6R|1299274440Z2~AMT|B6|88.22~CLP|144-77|19|83|54.18|13.82|MB|2814324748160|21|1~NM1|QC|1|JONES|FRANCES|C|||HN|254282932D6~NM1|82|1||||||XX|1962447805~NM1|TT|2|UNITEDHEALTH GROUP|||||PI|30002~MOA|||MA01|MA18~DTM|050|20141120~SVC|HC^99232|83|54.18||1~DTM|472|20140723~CAS|CO|45|13.89||253|1.11~CAS|PR|2|13.82~REF|LU|21~REF|6R|1299275350Z1~AMT|B6|69.11~CLP|144-78|19|120|78.09|19.92|MB|2814324748170|21|1~NM1|QC|1|JONES|FRANCES|C|||HN|254282932D6~NM1|82|1||||||XX|1962447805~NM1|TT|2|UNITEDHEALTH GROUP|||||PI|30002~MOA|||MA01|MA18~DTM|050|20141120~SVC|HC^99233|120|78.09||1~DTM|472|20140724~CAS|CO|45|20.4||253|1.59~CAS|PR|2|19.92~REF|LU|21~REF|6R|1299276310Z1~AMT|B6|99.6~CLP|144-79|19|120|78.09|19.92|MB|2814324748180|21|1~NM1|QC|1|JONES|FRANCES|C|||HN|254282932D6~NM1|82|1||||||XX|1962447805~NM1|TT|2|UNITEDHEALTH GROUP|||||PI|30002~MOA|||MA01|MA18~DTM|050|20141120~SVC|HC^99233|120|78.09||1~DTM|472|20140725~CAS|CO|45|20.4||253|1.59~CAS|PR|2|19.92~REF|LU|21~REF|6R|1299279235Z1~AMT|B6|99.6~CLP|144-80|19|83|54.18|13.82|MB|2814324748190|21|1~NM1|QC|1|JONES|FRANCES|C|||HN|254282932D6~NM1|82|1||||||XX|1962447805~NM1|TT|2|UNITEDHEALTH GROUP|||||PI|30002~MOA|||MA01|MA18~DTM|050|20141120~SVC|HC^99232|83|54.18||1~DTM|472|20140726~CAS|CO|45|13.89||253|1.11~CAS|PR|2|13.82~REF|LU|21~REF|6R|1299279265Z1~AMT|B6|69.11~CLP|144-81|19|83|54.18|13.82|MB|2814324748200|21|1~NM1|QC|1|JONES|FRANCES|C|||HN|254282932D6~NM1|82|1||||||XX|1962447805~NM1|TT|2|UNITEDHEALTH GROUP|||||PI|30002~MOA|||MA01|MA18~DTM|050|20141120~SVC|HC^99232|83|54.18||1~DTM|472|20140727~CAS|CO|45|13.89||253|1.11~CAS|PR|2|13.82~REF|LU|21~REF|6R|1299279474Z1~AMT|B6|69.11~CLP|144-82|19|83|54.18|13.82|MB|2814324748210|21|1~NM1|QC|1|JONES|FRANCES|C|||HN|254282932D6~NM1|82|1||||||XX|1962447805~NM1|TT|2|UNITEDHEALTH GROUP|||||PI|30002~MOA|||MA01|MA18~DTM|050|20141120~SVC|HC^99232|83|54.18||1~DTM|472|20140728~CAS|CO|45|13.89||253|1.11~CAS|PR|2|13.82~REF|LU|21~REF|6R|1299279778Z1~AMT|B6|69.11~CLP|144-83|19|120|78.09|19.92|MB|2814324748220|21|1~NM1|QC|1|JONES|FRANCES|C|||HN|254282932D6~NM1|82|1||||||XX|1962447805~NM1|TT|2|UNITEDHEALTH GROUP|||||PI|30002~MOA|||MA01|MA18~DTM|050|20141120~SVC|HC^99233|120|78.09||1~DTM|472|20140729~CAS|CO|45|20.4||253|1.59~CAS|PR|2|19.92~REF|LU|21~REF|6R|1299279986Z1~AMT|B6|99.6~CLP|144-84|19|120|78.09|19.92|MB|2814324748230|21|1~NM1|QC|1|JONES|FRANCES|C|||HN|254282932D6~NM1|82|1||||||XX|1962447805~NM1|TT|2|UNITEDHEALTH GROUP|||||PI|30002~MOA|||MA01|MA18~DTM|050|20141120~SVC|HC^99233|120|78.09||1~DTM|472|20140730~CAS|CO|45|20.4||253|1.59~CAS|PR|2|19.92~REF|LU|21~REF|6R|1299280208Z1~AMT|B6|99.6~CLP|144-85|19|83|54.18|13.82|MB|2814324748240|21|1~NM1|QC|1|JONES|FRANCES|C|||HN|254282932D6~NM1|82|1||||||XX|1962447805~NM1|TT|2|UNITEDHEALTH GROUP|||||PI|30002~MOA|||MA01|MA18~DTM|050|20141120~SVC|HC^99232|83|54.18||1~DTM|472|20140731~CAS|CO|45|13.89||253|1.11~CAS|PR|2|13.82~REF|LU|21~REF|6R|1299280280Z1~AMT|B6|69.11~CLP|200-86|19|234|152.6|38.93|MB|2814324748250|21|1~NM1|QC|1|POWERS|JAMES|R|||HN|464443192A~NM1|82|1||||||XX|1962447805~NM1|TT|2|UNITEDHEALTHCARE|||||PI|00082~MOA|||MA01|MA18~DTM|050|20141120~SVC|HC^99223|234|152.6||1~DTM|472|20140812~CAS|CO|45|39.36||253|3.11~CAS|PR|2|38.93~REF|LU|21~REF|6R|1299280378Z1~AMT|B6|194.64~CLP|200-87|19|120|78.09|19.92|MB|2814324748260|21|1~NM1|QC|1|POWERS|JAMES|R|||HN|464443192A~NM1|82|1||||||XX|1962447805~NM1|TT|2|UNITEDHEALTHCARE|||||PI|00082~MOA|||MA01|MA18~DTM|050|20141120~SVC|HC^99233|120|78.09||1~DTM|472|20140813~CAS|CO|45|20.4||253|1.59~CAS|PR|2|19.92~REF|LU|21~REF|6R|1299280656Z1~AMT|B6|99.6~CLP|200-88|19|120|78.09|19.92|MB|2814324748270|21|1~NM1|QC|1|POWERS|JAMES|R|||HN|464443192A~NM1|82|1||||||XX|1962447805~NM1|TT|2|UNITEDHEALTHCARE|||||PI|00082~MOA|||MA01|MA18~DTM|050|20141120~SVC|HC^99233|120|78.09||1~DTM|472|20140814~CAS|CO|45|20.4||253|1.59~CAS|PR|2|19.92~REF|LU|21~REF|6R|1299280920Z1~AMT|B6|99.6~CLP|200-89|19|83|54.18|13.82|MB|2814324748280|21|1~NM1|QC|1|POWERS|JAMES|R|||HN|464443192A~NM1|82|1||||||XX|1962447805~NM1|TT|2|UNITEDHEALTHCARE|||||PI|00082~MOA|||MA01|MA18~DTM|050|20141120~SVC|HC^99232|83|54.18||1~DTM|472|20140815~CAS|CO|45|13.89||253|1.11~CAS|PR|2|13.82~REF|LU|21~REF|6R|1299280940Z1~AMT|B6|69.11~CLP|200-90|19|120|78.09|19.92|MB|2814324748290|21|1~NM1|QC|1|POWERS|JAMES|R|||HN|464443192A~NM1|82|1||||||XX|1962447805~NM1|TT|2|UNITEDHEALTHCARE|||||PI|00082~MOA|||MA01|MA18~DTM|050|20141120~SVC|HC^99233|120|78.09||1~DTM|472|20140816~CAS|CO|45|20.4||253|1.59~CAS|PR|2|19.92~REF|LU|21~REF|6R|1299281137Z1~AMT|B6|99.6~CLP|200-91|19|120|78.09|19.92|MB|2814324748300|21|1~NM1|QC|1|POWERS|JAMES|R|||HN|464443192A~NM1|82|1||||||XX|1962447805~NM1|TT|2|UNITEDHEALTHCARE|||||PI|00082~MOA|||MA01|MA18~DTM|050|20141120~SVC|HC^99233|120|78.09||1~DTM|472|20140817~CAS|CO|45|20.4||253|1.59~CAS|PR|2|19.92~REF|LU|21~REF|6R|1299281169Z1~AMT|B6|99.6~CLP|56-73|19|226|147.26|37.56|MB|2814324748120|21|1~NM1|QC|1|VASQUEZJR|BERNARDO|J|||HN|462769479A~NM1|82|1||||||XX|1962447805~NM1|TT|2|TX HEALTH & HUMAN SERVICES COMMI|||||PI|70051~MOA|||MA01|MA07~DTM|050|20141120~SVC|HC^99233^25|120|78.09||1~DTM|472|20140630~CAS|CO|45|20.4||253|1.59~CAS|PR|2|19.92~REF|LU|21~REF|6R|1299273756Z1~AMT|B6|99.6~SVC|HC^99356|106|69.17||1~DTM|472|20140630~CAS|CO|45|17.78||253|1.41~CAS|PR|2|17.64~REF|LU|21~REF|6R|1299273756Z2~AMT|B6|88.22~CLP|56-74|19|123|80.52|20.54|MB|2814324748140|21|1~NM1|QC|1|VASQUEZJR|BERNARDO|J|||HN|462769479A~NM1|82|1||||||XX|1962447805~NM1|TT|2|TX HEALTH & HUMAN SERVICES COMMI|||||PI|70051~MOA|||MA01|MA07~DTM|050|20141120~SVC|HC^99239|123|80.52||1~DTM|472|20140701~CAS|CO|45|20.3||253|1.64~CAS|PR|2|20.54~REF|LU|21~REF|6R|1299274316Z1~AMT|B6|102.7~SE|277|0001~GE|1|151~IEA|1|000000151~