ISA|00|          |00|          |ZZ|ZIRMED         |29|E12705         |141225|0528|U|00401|000000407|0|P|^~GS|HP|ZIRMED|E12705|20141225|0528|402|X|004010X091A1~ST|835|0001~BPR|H|0|C|NON||||||||||||20141229~TRN|1|458463746|1205296137~REF|EV|E12705~DTM|405|20141224~N1|PR|NOVITAS SOLUTIONS, INC.~N3|PO BOX 3110~N4|MECHANICSBURG|PA|170551826~REF|2U|04412~PER|CX||TE|8552528782~N1|PE|DFW GERIATRICS PLLC|XX|1063835361~N3|2925 SKYWAY CIRCLE NORTH~N4|IRVING|TX|750383510~REF|TJ|464596718~LX|1~CLP|270-1237|1|104|0||MB|2914357082600|31|1~NM1|QC|1|AMEZCUA|MARTHA||||HN|353488101D~NM1|82|1||||||XX|1962447805~MOA|||MA01~DTM|050|20141223~SVC|HC^99309|104|0||||1~DTM|472|20141027~CAS|OA|18|104~REF|LU|31~REF|6R|1327941105Z1~LQ|HE|N522~CLP|212-518|1|93|0||MB|2814345358040|33|1~NM1|QC|1|AYRES|VIRGINIA|W|||HN|463180456D~NM1|82|1||||||XX|1952303547~MOA|||MA01~DTM|050|20141211~SVC|HC^99325|93|0||||1~DTM|472|20140813~CAS|CO|B9|93~REF|LU|33~REF|6R|1315922614Z1~LQ|HE|N90~CLP|194-498|19|109|0||MB|2814345357820|33|1~NM1|QC|1|BATIS|PEGGIE||||HN|457409305A~NM1|82|1||||||XX|1952303547~NM1|TT|2|GOV T EMPLOYEE S HEALTH ASSN|||||PI|80054~MOA|||MA01|MA18~DTM|050|20141211~SVC|HC^99335|109|0||||1~DTM|472|20140808~CAS|CO|B9|109~REF|LU|33~REF|6R|1315922501Z1~LQ|HE|N90~CLP|282-1229|4|155|0||MB|2914357082430|31|1~NM1|QC|1|HOPE|LUGO||||HN|463301592A~NM1|82|1||||||XX|1962447805~MOA|||MA130|MA61~DTM|050|20141223~SVC|HC^99310|155|0||||1~DTM|472|20141027~CAS|CO|140|155~REF|LU|31~REF|6R|1327922912Z1~LQ|HE|MA130~LQ|HE|MA61~CLP|176-1001|1|222|0||MB|2914357082590|33|1~NM1|QC|1|PILGRIM|NELL|L|||HN|411098338D~NM1|82|1||||||XX|1962447805~MOA|||MA01~DTM|050|20141223~SVC|HC^99337|222|0||||1~DTM|472|20141027~CAS|OA|18|222~REF|LU|33~REF|6R|1327941104Z1~LQ|HE|N522~CLP|230-1258|4|104|0||MB|2914357082680|31|1~NM1|QC|1|RICE|DOROTHY|W|||HN|449744206A~NM1|82|1||||||XX|1952303547~MOA|||MA130|MA61~DTM|050|20141223~SVC|HC^99309|104|0||||1~DTM|472|20141020~CAS|CO|140|104~REF|LU|31~REF|6R|1327941113Z1~LQ|HE|MA130~LQ|HE|MA61~CLP|230-1276|4|104|0||MB|2914357082770|31|1~NM1|QC|1|RICE|DOROTHY|W|||HN|449744206A~NM1|82|1||||||XX|1952303547~MOA|||MA130|MA61~DTM|050|20141223~SVC|HC^99309|104|0||||1~DTM|472|20141015~CAS|CO|140|104~REF|LU|31~REF|6R|1327952252Z1~LQ|HE|MA130~LQ|HE|MA61~CLP|230-1168|4|104|0||MB|2914357082950|31|1~NM1|QC|1|RICE|DOROTHY|W|||HN|449744206A~NM1|82|1||||||XX|1962447805~MOA|||MA130|MA61~DTM|050|20141223~SVC|HC^99309|104|0||||1~DTM|472|20140925~CAS|CO|140|104~REF|LU|31~REF|6R|1327979564Z1~LQ|HE|MA130~LQ|HE|MA61~CLP|30-386|1|104|0||MB|2814345356820|31|1~NM1|QC|1|TIPTON|OPAL||||HN|451305676A~NM1|82|1||||||XX|1952303547~MOA|||MA01~DTM|050|20141211~SVC|HC^99309|104|0||||1~DTM|472|20140723~CAS|CO|B9|104~REF|LU|31~REF|6R|1315910857Z1~LQ|HE|N90~CLP|170-430|1|109|0||MB|2814345357190|33|1~NM1|QC|1|WOOD|MARY||||HN|311381182A~NM1|82|1||||||XX|1952303547~MOA|||MA01~DTM|050|20141211~SVC|HC^99335|109|0||||1~DTM|472|20140731~CAS|CO|B9|109~REF|LU|33~REF|6R|1315914314Z1~LQ|HE|N90~SE|131|0001~ST|835|0002~BPR|I|7258.67|C|ACH|CCP|01|081517693|DA|152302017594|1205296137||01|111000025|DA|488038453432|20141229~TRN|1|889222926|1205296137~REF|EV|E12705~DTM|405|20141224~N1|PR|NOVITAS SOLUTIONS, INC.~N3|PO BOX 3110~N4|MECHANICSBURG|PA|170551826~REF|2U|04412~PER|CX||TE|8552528782~N1|PE|DFW GERIATRICS PLLC|XX|1063835361~N3|2925 SKYWAY CIRCLE NORTH~N4|IRVING|TX|750383510~REF|TJ|464596718~LX|1~CLP|8-383|19|104|61.06|15.58|MB|2814345356800|31|1~NM1|QC|1|BAREFIELD|EVELYN||||HN|459193092A~NM1|82|1||||||XX|1952303547~NM1|TT|2|TX HEALTH & HUMAN SERVICES COMMI|||||PI|70051~MOA|||MA01|MA07~DTM|050|20141211~SVC|HC^99309|104|61.06||1~DTM|472|20140710~CAS|CO|45|26.11||253|1.25~CAS|PR|2|15.58~REF|LU|31~REF|6R|1315910855Z1~AMT|B6|77.89~CLP|8-404|19|104|61.06|15.58|MB|2814345356950|31|1~NM1|QC|1|BAREFIELD|EVELYN||||HN|459193092A~NM1|82|1||||||XX|1952303547~NM1|TT|2|TX HEALTH & HUMAN SERVICES COMMI|||||PI|70051~MOA|||MA01|MA07~DTM|050|20141211~SVC|HC^99309|104|61.06||1~DTM|472|20140717~CAS|CO|45|26.11||253|1.25~CAS|PR|2|15.58~REF|LU|31~REF|6R|1315910894Z1~AMT|B6|77.89~CLP|8-422|19|104|61.06|15.58|MB|2814345357120|31|1~NM1|QC|1|BAREFIELD|EVELYN||||HN|459193092A~NM1|82|1||||||XX|1952303547~NM1|TT|2|TX HEALTH & HUMAN SERVICES COMMI|||||PI|70051~MOA|||MA01|MA07~DTM|050|20141211~SVC|HC^99309|104|61.06||1~DTM|472|20140724~CAS|CO|45|26.11||253|1.25~CAS|PR|2|15.58~REF|LU|31~REF|6R|1315914307Z1~AMT|B6|77.89~CLP|159-440|19|51|30.05|7.67|MB|2814345357270|31|1~NM1|QC|1|BARKER|M|L|||HN|450422259A~NM1|82|1||||||XX|1952303547~NM1|TT|2|TX HEALTH & HUMAN SERVICES COMMI|||||PI|70051~MOA|||MA01|MA07~DTM|050|20141211~SVC|HC^99307|51|30.05||1~DTM|472|20140731~CAS|CO|45|12.67||253|.61~CAS|PR|2|7.67~REF|LU|31~REF|6R|1315916676Z1~AMT|B6|38.33~CLP|137-417|19|104|61.06|15.58|MB|2814345357240|31|1~NM1|QC|1|BARNETT|JERRELL|A|||HN|466441735A~NM1|82|1||||||XX|1952303547~NM1|TT|2|TX HEALTH & HUMAN SERVICES COMMI|||||PI|70051~MOA|||MA01|MA07~DTM|050|20141211~SVC|HC^99309|104|61.06||1~DTM|472|20140725~CAS|CO|45|26.11||253|1.25~CAS|PR|2|15.58~REF|LU|31~REF|6R|1315914324Z1~AMT|B6|77.89~CLP|193-464|1|104|61.06|15.58|MB|2814345357530|31|1~NM1|QC|1|BATIS|MICHAEL||||HN|457218157A~NM1|82|1||||||XX|1952303547~MOA|||MA01~DTM|050|20141211~SVC|HC^99309|104|61.06||1~DTM|472|20140730~CAS|CO|45|26.11||253|1.25~CAS|PR|2|15.58~REF|LU|31~REF|6R|1315920822Z1~AMT|B6|77.89~CLP|193-500|1|109|63.87|16.29|MB|2814345357840|33|1~NM1|QC|1|BATIS|MICHAEL||||HN|457218157A~NM1|82|1||||||XX|1952303547~MOA|||MA01~DTM|050|20141211~SVC|HC^99335|109|63.87||1~DTM|472|20140808~CAS|CO|45|27.54||253|1.3~CAS|PR|2|16.29~REF|LU|33~REF|6R|1315922503Z1~AMT|B6|81.46~CLP|183-435|19|79|46.35|11.82|MB|2814345357380|31|1~NM1|QC|1|BERRY|PAULINE|M|||HN|462524013A~NM1|82|1||||||XX|1952303547~NM1|TT|2|TX HEALTH & HUMAN SERVICES COMMI|||||PI|70051~MOA|||MA01|MA07~DTM|050|20141211~SVC|HC^99308|79|46.35||1~DTM|472|20140731~CAS|CO|45|19.88||253|.95~CAS|PR|2|11.82~REF|LU|31~REF|6R|1315917704Z1~AMT|B6|59.12~CLP|183-457|19|104|61.06|15.58|MB|2814345357460|31|1~NM1|QC|1|BERRY|PAULINE|M|||HN|462524013A~NM1|82|1||||||XX|1952303547~NM1|TT|2|TX HEALTH & HUMAN SERVICES COMMI|||||PI|70051~MOA|||MA01|MA07~DTM|050|20141211~SVC|HC^99309|104|61.06||1~DTM|472|20140728~CAS|CO|45|26.11||253|1.25~CAS|PR|2|15.58~REF|LU|31~REF|6R|1315920815Z1~AMT|B6|77.89~CLP|183-493|19|51|30.05|7.67|MB|2814345357770|31|1~NM1|QC|1|BERRY|PAULINE|M|||HN|462524013A~NM1|82|1||||||XX|1952303547~NM1|TT|2|TX HEALTH & HUMAN SERVICES COMMI|||||PI|70051~MOA|||MA01|MA07~DTM|050|20141211~SVC|HC^99307|51|30.05||1~DTM|472|20140806~CAS|CO|45|12.67||253|.61~CAS|PR|2|7.67~REF|LU|31~REF|6R|1315922496Z1~AMT|B6|38.33~CLP|183-515|19|222|129.81|33.11|MB|2814345358000|33|1~NM1|QC|1|BERRY|PAULINE|M|||HN|462524013A~NM1|82|1||||||XX|1952303547~NM1|TT|2|TX HEALTH & HUMAN SERVICES COMMI|||||PI|70051~MOA|||MA01|MA07~DTM|050|20141211~SVC|HC^99337|222|129.81||1~DTM|472|20140813~CAS|CO|45|56.43||253|2.65~CAS|PR|2|33.11~REF|LU|33~REF|6R|1315922602Z1~AMT|B6|165.57~CLP|97-438|19|104|61.06|15.58|MB|2814345357370|31|1~NM1|QC|1|BLANCO|DANIEL|R|||HN|460120017A~NM1|82|1||||||XX|1952303547~NM1|TT|2|TX HEALTH & HUMAN SERVICES COMMI|||||PI|70051~MOA|||MA01|MA07~DTM|050|20141211~SVC|HC^99309|104|61.06||1~DTM|472|20140731~CAS|CO|45|26.11||253|1.25~CAS|PR|2|15.58~REF|LU|31~REF|6R|1315916687Z1~AMT|B6|77.89~CLP|208-465|19|104|61.06|15.58|MB|2814345357540|31|1~NM1|QC|1|BRINKLEY|RUTH||||HN|412528613D~NM1|82|1||||||XX|1952303547~NM1|TT|2|TX HEALTH & HUMAN SERVICES COMMI|||||PI|70051~MOA|||MA01|MA07~DTM|050|20141211~SVC|HC^99309|104|61.06||1~DTM|472|20140730~CAS|CO|45|26.11||253|1.25~CAS|PR|2|15.58~REF|LU|31~REF|6R|1315920823Z1~AMT|B6|77.89~CLP|208-499|19|109|63.87|16.29|MB|2814345357830|33|1~NM1|QC|1|BRINKLEY|RUTH||||HN|412528613D~NM1|82|1||||||XX|1952303547~NM1|TT|2|TX HEALTH & HUMAN SERVICES COMMI|||||PI|70051~MOA|||MA01|MA07~DTM|050|20141211~SVC|HC^99335|109|63.87||1~DTM|472|20140808~CAS|CO|45|27.54||253|1.3~CAS|PR|2|16.29~REF|LU|33~REF|6R|1315922502Z1~AMT|B6|81.46~CLP|119-437|19|222|129.81|33.11|MB|2814345357250|33|1~NM1|QC|1|BUNNELL|EVA|L|||HN|450201772D~NM1|82|1||||||XX|1952303547~NM1|TT|2|TX HEALTH & HUMAN SERVICES COMMI|||||PI|70051~MOA|||MA01|MA07~DTM|050|20141211~SVC|HC^99337|222|129.81||1~DTM|472|20140731~CAS|CO|45|56.43||253|2.65~CAS|PR|2|33.11~REF|LU|33~REF|6R|1315916674Z1~AMT|B6|165.57~CLP|119-455|19|104|61.06|15.58|MB|2814345357440|31|1~NM1|QC|1|BUNNELL|EVA|L|||HN|450201772D~NM1|82|1||||||XX|1952303547~NM1|TT|2|TX HEALTH & HUMAN SERVICES COMMI|||||PI|70051~MOA|||MA01|MA07~DTM|050|20141211~SVC|HC^99309|104|61.06||1~DTM|472|20140728~CAS|CO|45|26.11||253|1.25~CAS|PR|2|15.58~REF|LU|31~REF|6R|1315920813Z1~AMT|B6|77.89~CLP|119-473|19|109|63.87|16.29|MB|2814345357600|33|1~NM1|QC|1|BUNNELL|EVA|L|||HN|450201772D~NM1|82|1||||||XX|1952303547~NM1|TT|2|TX HEALTH & HUMAN SERVICES COMMI|||||PI|70051~MOA|||MA01|MA07~DTM|050|20141211~SVC|HC^99335|109|63.87||1~DTM|472|20140804~CAS|CO|45|27.54||253|1.3~CAS|PR|2|16.29~REF|LU|33~REF|6R|1315922472Z1~AMT|B6|81.46~CLP|119-492|19|222|129.81|33.11|MB|2814345357760|33|1~NM1|QC|1|BUNNELL|EVA|L|||HN|450201772D~NM1|82|1||||||XX|1952303547~NM1|TT|2|TX HEALTH & HUMAN SERVICES COMMI|||||PI|70051~MOA|||MA01|MA07~DTM|050|20141211~SVC|HC^99337|222|129.81||1~DTM|472|20140806~CAS|CO|45|56.43||253|2.65~CAS|PR|2|33.11~REF|LU|33~REF|6R|1315922495Z1~AMT|B6|165.57~CLP|139-434|19|104|61.06|15.58|MB|2814345357230|31|1~NM1|QC|1|BUTNER|JOANN||||HN|457565807A~NM1|82|1||||||XX|1952303547~NM1|TT|2|HCSC-BCBS OF TX-FEP B ONLY|||||PI|80012~MOA|||MA01|MA18~DTM|050|20141211~SVC|HC^99309|104|61.06||1~DTM|472|20140731~CAS|CO|45|26.11||253|1.25~CAS|PR|2|15.58~REF|LU|31~REF|6R|1315914318Z1~AMT|B6|77.89~CLP|75-470|19|222|129.81|33.11|MB|2814345357570|33|1~NM1|QC|1|BYRUM|HAROLD|C|||HN|464441037A~NM1|82|1||||||XX|1952303547~NM1|TT|2|G.M.P.- EMPLOYERS RETIREE TRUST|||||PI|00354~MOA|||MA01|MA18~DTM|050|20141211~SVC|HC^99337|222|129.81||1~DTM|472|20140804~CAS|CO|45|56.43||253|2.65~CAS|PR|2|33.11~REF|LU|33~REF|6R|1315922469Z1~AMT|B6|165.57~CLP|145-390|19|104|61.06|15.58|MB|2814345356860|31|1~NM1|QC|1|CASTRO|JOSE|A|||HN|635030630A~NM1|82|1||||||XX|1952303547~NM1|TT|2|TX HEALTH & HUMAN SERVICES COMMI|||||PI|70051~MOA|||MA01|MA07~DTM|050|20141211~SVC|HC^99309|104|61.06||1~DTM|472|20140723~CAS|CO|45|26.11||253|1.25~CAS|PR|2|15.58~REF|LU|31~REF|6R|1315910861Z1~AMT|B6|77.89~CLP|145-411|19|51|30.05|7.67|MB|2814345357020|31|1~NM1|QC|1|CASTRO|JOSE|A|||HN|635030630A~NM1|82|1||||||XX|1952303547~NM1|TT|2|TX HEALTH & HUMAN SERVICES COMMI|||||PI|70051~MOA|||MA01|MA07~DTM|050|20141211~SVC|HC^99307|51|30.05||1~DTM|472|20140716~CAS|CO|45|12.67||253|.61~CAS|PR|2|7.67~REF|LU|31~REF|6R|1315911410Z1~AMT|B6|38.33~CLP|117-389|19|104|61.06|15.58|MB|2814345356850|31|1~NM1|QC|1|CHANCE|EUGENIA||||HN|466209252D~NM1|82|1||||||XX|1952303547~NM1|TT|2|TX HEALTH & HUMAN SERVICES COMMI|||||PI|70051~MOA|||MA01|MA07~DTM|050|20141211~SVC|HC^99309|104|61.06||1~DTM|472|20140723~CAS|CO|45|26.11||253|1.25~CAS|PR|2|15.58~REF|LU|31~REF|6R|1315910860Z1~AMT|B6|77.89~CLP|117-429|19|51|30.05|7.67|MB|2814345357180|31|1~NM1|QC|1|CHANCE|EUGENIA||||HN|466209252D~NM1|82|1||||||XX|1952303547~NM1|TT|2|TX HEALTH & HUMAN SERVICES COMMI|||||PI|70051~MOA|||MA01|MA07~DTM|050|20141211~SVC|HC^99307|51|30.05||1~DTM|472|20140731~CAS|CO|45|12.67||253|.61~CAS|PR|2|7.67~REF|LU|31~REF|6R|1315914313Z1~AMT|B6|38.33~CLP|117-452|19|104|61.06|15.58|MB|2814345357410|31|1~NM1|QC|1|CHANCE|EUGENIA||||HN|466209252D~NM1|82|1||||||XX|1952303547~NM1|TT|2|TX HEALTH & HUMAN SERVICES COMMI|||||PI|70051~MOA|||MA01|MA07~DTM|050|20141211~SVC|HC^99309|104|61.06||1~DTM|472|20140728~CAS|CO|45|26.11||253|1.25~CAS|PR|2|15.58~REF|LU|31~REF|6R|1315920810Z1~AMT|B6|77.89~CLP|117-494|19|104|61.06|15.58|MB|2814345357780|31|1~NM1|QC|1|CHANCE|EUGENIA||||HN|466209252D~NM1|82|1||||||XX|1952303547~NM1|TT|2|TX HEALTH & HUMAN SERVICES COMMI|||||PI|70051~MOA|||MA01|MA07~DTM|050|20141211~SVC|HC^99309|104|61.06||1~DTM|472|20140806~CAS|CO|45|26.11||253|1.25~CAS|PR|2|15.58~REF|LU|31~REF|6R|1315922497Z1~AMT|B6|77.89~CLP|82-477|19|155|90.82|23.17|MB|2814345357630|31|1~NM1|QC|1|CLARK|CAROLYN|L|||HN|457403636D~NM1|82|1||||||XX|1952303547~NM1|TT|2|UNITEDHEALTH GROUP|||||PI|30002~MOA|||MA01|MA18~DTM|050|20141211~SVC|HC^99310|155|90.82||1~DTM|472|20140804~CAS|CO|45|39.16||253|1.85~CAS|PR|2|23.17~REF|LU|31~REF|6R|1315922475Z1~AMT|B6|115.84~CLP|82-505|19|104|61.06|15.58|MB|2814345357900|31|1~NM1|QC|1|CLARK|CAROLYN|L|||HN|457403636D~NM1|82|1||||||XX|1952303547~NM1|TT|2|UNITEDHEALTH GROUP|||||PI|30002~MOA|||MA01|MA18~DTM|050|20141211~SVC|HC^99309|104|61.06||1~DTM|472|20140811~CAS|CO|45|26.11||253|1.25~CAS|PR|2|15.58~REF|LU|31~REF|6R|1315922592Z1~AMT|B6|77.89~CLP|120-397|19|104|61.06|15.58|MB|2814345356910|31|1~NM1|QC|1|CROWDER|EVA||||HN|460445627A~NM1|82|1||||||XX|1952303547~NM1|TT|2|AETNA, INC.|||||PI|00060~MOA|||MA01|MA18~DTM|050|20141211~SVC|HC^99309|104|61.06||1~DTM|472|20140723~CAS|CO|45|26.11||253|1.25~CAS|PR|2|15.58~REF|LU|31~REF|6R|1315910890Z1~AMT|B6|77.89~CLP|192-439|19|51|30.05|7.67|MB|2814345357260|31|1~NM1|QC|1|DAVIS|ANNIE|V|||HN|456224734A~NM1|82|1||||||XX|1952303547~NM1|TT|2|UNITED AMERICAN INSURANCE CO|||||PI|30034~MOA|||MA01|MA18~DTM|050|20141211~SVC|HC^99307|51|30.05||1~DTM|472|20140731~CAS|CO|45|12.67||253|.61~CAS|PR|2|7.67~REF|LU|31~REF|6R|1315916675Z1~AMT|B6|38.33~CLP|192-441|19|155|90.82|23.17|MB|2814345357280|31|1~NM1|QC|1|DAVIS|ANNIE|V|||HN|456224734A~NM1|82|1||||||XX|1952303547~NM1|TT|2|UNITED AMERICAN INSURANCE CO|||||PI|30034~MOA|||MA01|MA18~DTM|050|20141211~SVC|HC^99310|155|90.82||1~DTM|472|20140728~CAS|CO|45|39.16||253|1.85~CAS|PR|2|23.17~REF|LU|31~REF|6R|1315916677Z1~AMT|B6|115.84~CLP|192-478|19|104|61.06|15.58|MB|2814345357640|31|1~NM1|QC|1|DAVIS|ANNIE|V|||HN|456224734A~NM1|82|1||||||XX|1952303547~NM1|TT|2|UNITED AMERICAN INSURANCE CO|||||PI|30034~MOA|||MA01|MA18~DTM|050|20141211~SVC|HC^99309|104|61.06||1~DTM|472|20140804~CAS|CO|45|26.11||253|1.25~CAS|PR|2|15.58~REF|LU|31~REF|6R|1315922476Z1~AMT|B6|77.89~CLP|192-488|19|79|46.35|11.82|MB|2814345357730|31|1~NM1|QC|1|DAVIS|ANNIE|V|||HN|456224734A~NM1|82|1||||||XX|1952303547~NM1|TT|2|UNITED AMERICAN INSURANCE CO|||||PI|30034~MOA|||MA01|MA18~DTM|050|20141211~SVC|HC^99308|79|46.35||1~DTM|472|20140806~CAS|CO|45|19.88||253|.95~CAS|PR|2|11.82~REF|LU|31~REF|6R|1315922492Z1~AMT|B6|59.12~CLP|192-503|19|51|30.05|7.67|MB|2814345357870|31|1~NM1|QC|1|DAVIS|ANNIE|V|||HN|456224734A~NM1|82|1||||||XX|1952303547~NM1|TT|2|UNITED AMERICAN INSURANCE CO|||||PI|30034~MOA|||MA01|MA18~DTM|050|20141211~SVC|HC^99307|51|30.05||1~DTM|472|20140807~CAS|CO|45|12.67||253|.61~CAS|PR|2|7.67~REF|LU|31~REF|6R|1315922506Z1~AMT|B6|38.33~CLP|192-506|19|104|61.06|15.58|MB|2814345357910|31|1~NM1|QC|1|DAVIS|ANNIE|V|||HN|456224734A~NM1|82|1||||||XX|1952303547~NM1|TT|2|UNITED AMERICAN INSURANCE CO|||||PI|30034~MOA|||MA01|MA18~DTM|050|20141211~SVC|HC^99309|104|61.06||1~DTM|472|20140811~CAS|CO|45|26.11||253|1.25~CAS|PR|2|15.58~REF|LU|31~REF|6R|1315922593Z1~AMT|B6|77.89~CLP|12-391|19|104|61.06|15.58|MB|2814345356870|31|1~NM1|QC|1|DIGGLES|BERNICE||||HN|452922584A~NM1|82|1||||||XX|1952303547~NM1|TT|2|TX HEALTH & HUMAN SERVICES COMMI|||||PI|70051~MOA|||MA01|MA07~DTM|050|20141211~SVC|HC^99309|104|61.06||1~DTM|472|20140723~CAS|CO|45|26.11||253|1.25~CAS|PR|2|15.58~REF|LU|31~REF|6R|1315910862Z1~AMT|B6|77.89~CLP|12-446|19|104|61.06|15.58|MB|2814345357340|31|1~NM1|QC|1|DIGGLES|BERNICE||||HN|452922584A~NM1|82|1||||||XX|1952303547~NM1|TT|2|TX HEALTH & HUMAN SERVICES COMMI|||||PI|70051~MOA|||MA01|MA07~DTM|050|20141211~SVC|HC^99309|104|61.06||1~DTM|472|20140728~CAS|CO|45|26.11||253|1.25~CAS|PR|2|15.58~REF|LU|31~REF|6R|1315916683Z1~AMT|B6|77.89~CLP|12-481|19|104|61.06|15.58|MB|2814345357670|31|1~NM1|QC|1|DIGGLES|BERNICE||||HN|452922584A~NM1|82|1||||||XX|1952303547~NM1|TT|2|TX HEALTH & HUMAN SERVICES COMMI|||||PI|70051~MOA|||MA01|MA07~DTM|050|20141211~SVC|HC^99309|104|61.06||1~DTM|472|20140804~CAS|CO|45|26.11||253|1.25~CAS|PR|2|15.58~REF|LU|31~REF|6R|1315922479Z1~AMT|B6|77.89~CLP|164-388|19|104|61.06|15.58|MB|2814345356840|31|1~NM1|QC|1|DOMINGUEZ|MARIA||||HN|456542337A~NM1|82|1||||||XX|1952303547~NM1|TT|2|TX HEALTH & HUMAN SERVICES COMMI|||||PI|70051~MOA|||MA01|MA07~DTM|050|20141211~SVC|HC^99309|104|61.06||1~DTM|472|20140723~CAS|CO|45|26.11||253|1.25~CAS|PR|2|15.58~REF|LU|31~REF|6R|1315910859Z1~AMT|B6|77.89~CLP|182-456|19|104|61.06|15.58|MB|2814345357450|31|1~NM1|QC|1|EDWARDS|PATSY|R|||HN|455501964A~NM1|82|1||||||XX|1952303547~NM1|TT|2|NORTH AMERICAN INSURANCE COMPANY|||||PI|30155~MOA|||MA01|MA18~DTM|050|20141211~SVC|HC^99309|104|61.06||1~DTM|472|20140728~CAS|CO|45|26.11||253|1.25~CAS|PR|2|15.58~REF|LU|31~REF|6R|1315920814Z1~AMT|B6|77.89~CLP|182-466|19|155|90.82|23.17|MB|2814345357550|31|1~NM1|QC|1|EDWARDS|PATSY|R|||HN|455501964A~NM1|82|1||||||XX|1952303547~NM1|TT|2|NORTH AMERICAN INSURANCE COMPANY|||||PI|30155~MOA|||MA01|MA18~DTM|050|20141211~SVC|HC^99310|155|90.82||1~DTM|472|20140702~CAS|CO|45|39.16||253|1.85~CAS|PR|2|23.17~REF|LU|31~REF|6R|1315920896Z1~AMT|B6|115.84~CLP|209-427|19|104|61.06|15.58|MB|2814345357160|31|1~NM1|QC|1|FUQUA|SHIRLEY|A|||HN|511249104D~NM1|82|1||||||XX|1952303547~NM1|TT|2|MUTUAL OF OMAHA INSURANCE COMP|||||PI|30090~MOA|||MA01|MA18~DTM|050|20141211~SVC|HC^99309|104|61.06||1~DTM|472|20140731~CAS|CO|45|26.11||253|1.25~CAS|PR|2|15.58~REF|LU|31~REF|6R|1315914311Z1~AMT|B6|77.89~CLP|61-459|19|104|61.06|15.58|MB|2814345357480|31|1~NM1|QC|1|GEER|VIRGINIA|L|||HN|449448951D~NM1|82|1||||||XX|1952303547~NM1|TT|2|SIERRA HEALTH & LIFE INSURANCE C|||||PI|30096~MOA|||MA01|MA18~DTM|050|20141211~SVC|HC^99309|104|61.06||1~DTM|472|20140728~CAS|CO|45|26.11||253|1.25~CAS|PR|2|15.58~REF|LU|31~REF|6R|1315920817Z1~AMT|B6|77.89~CLP|61-524|19|109|63.87|16.29|MB|2814345358080|33|1~NM1|QC|1|GEER|VIRGINIA|L|||HN|449448951D~NM1|82|1||||||XX|1952303547~NM1|TT|2|SIERRA HEALTH & LIFE INSURANCE C|||||PI|30096~MOA|||MA01|MA18~DTM|050|20141211~SVC|HC^99335|109|63.87||1~DTM|472|20140821~CAS|CO|45|27.54||253|1.3~CAS|PR|2|16.29~REF|LU|33~REF|6R|1315929960Z1~AMT|B6|81.46~CLP|135-447|19|104|61.06|15.58|MB|2814345357350|31|1~NM1|QC|1|HEAD|JEANNE||||HN|560325163A~NM1|82|1||||||XX|1952303547~NM1|TT|2|HCSC-BCBS OF TX-OTHER B ONLY|||||PI|00044~MOA|||MA01|MA18~DTM|050|20141211~SVC|HC^99309|104|61.06||1~DTM|472|20140728~CAS|CO|45|26.11||253|1.25~CAS|PR|2|15.58~REF|LU|31~REF|6R|1315916684Z1~AMT|B6|77.89~CLP|62-426|19|222|129.81|33.11|MB|2814345357150|33|1~NM1|QC|1|HENDRICKS|WILLIAM||||HN|526264440A~NM1|82|1||||||XX|1952303547~NM1|TT|2|STATE FARM AUTOMOBILE INSUR CO.|||||PI|30159~MOA|||MA01|MA18~DTM|050|20141211~SVC|HC^99337|222|129.81||1~DTM|472|20140731~CAS|CO|45|56.43||253|2.65~CAS|PR|2|33.11~REF|LU|33~REF|6R|1315914310Z1~AMT|B6|165.57~CLP|203-472|19|51|30.05|7.67|MB|2814345357590|31|1~NM1|QC|1|HINSLEY|MARGIE|M|||HN|560521074M~NM1|82|1||||||XX|1952303547~NM1|TT|2|TX HEALTH & HUMAN SERVICES COMMI|||||PI|70051~MOA|||MA01|MA07~DTM|050|20141211~SVC|HC^99307|51|30.05||1~DTM|472|20140804~CAS|CO|45|12.67||253|.61~CAS|PR|2|7.67~REF|LU|31~REF|6R|1315922471Z1~AMT|B6|38.33~CLP|219-408|19|104|61.06|15.58|MB|2814345356990|31|1~NM1|QC|1|HOOVER|MINNIE|B|||HN|465549405M~NM1|82|1||||||XX|1952303547~NM1|TT|2|TX HEALTH & HUMAN SERVICES COMMI|||||PI|70051~MOA|||MA01|MA07~DTM|050|20141211~SVC|HC^99309|104|61.06||1~DTM|472|20140717~CAS|CO|45|26.11||253|1.25~CAS|PR|2|15.58~REF|LU|31~REF|6R|1315911407Z1~AMT|B6|77.89~CLP|171-433|19|104|61.06|15.58|MB|2814345357220|31|1~NM1|QC|1|HUYNH|MAU|T|||HN|640241790A~NM1|82|1||||||XX|1952303547~NM1|TT|2|TX HEALTH & HUMAN SERVICES COMMI|||||PI|70051~MOA|||MA01|MA07~DTM|050|20141211~SVC|HC^99309|104|61.06||1~DTM|472|20140731~CAS|CO|45|26.11||253|1.25~CAS|PR|2|15.58~REF|LU|31~REF|6R|1315914317Z1~AMT|B6|77.89~CLP|218-395|19|155|90.82|23.17|MB|2814345356970|31|1~NM1|QC|1|JEFFREY|JOHN|G|||HN|450546301A~NM1|82|1||||||XX|1952303547~NM1|TT|2|WPS - TRICARE FOR LIFE|||||PI|60000~MOA|||MA01|MA18~DTM|050|20141211~SVC|HC^99310|155|90.82||1~DTM|472|20140723~CAS|CO|45|39.16||253|1.85~CAS|PR|2|23.17~REF|LU|31~REF|6R|1315911315Z1~AMT|B6|115.84~CLP|207-519|19|155|90.82|23.17|MB|2814345358030|31|1~NM1|QC|1|JOHNSON|ROSEMARY|R|||HN|462149741A~NM1|82|1||||||XX|1952303547~NM1|TT|2|UNITEDHEALTH GROUP|||||PI|30002~MOA|||MA01|MA18~DTM|050|20141211~SVC|HC^99310|155|90.82||1~DTM|472|20140813~CAS|CO|45|39.16||253|1.85~CAS|PR|2|23.17~REF|LU|31~REF|6R|1315922606Z1~AMT|B6|115.84~CLP|59-396|19|104|61.06|15.58|MB|2814345356960|31|1~NM1|QC|1|KEILSON|GERALD|R|||HN|462301721A~NM1|82|1||||||XX|1952303547~NM1|TT|2|AMA INSURANCE AGENCY, INC.|||||PI|30150~MOA|||MA01|MA18~DTM|050|20141211~SVC|HC^99309|104|61.06||1~DTM|472|20140723~CAS|CO|45|26.11||253|1.25~CAS|PR|2|15.58~REF|LU|31~REF|6R|1315910907Z1~AMT|B6|77.89~CLP|59-413|19|51|30.05|7.67|MB|2814345357040|31|1~NM1|QC|1|KEILSON|GERALD|R|||HN|462301721A~NM1|82|1||||||XX|1952303547~NM1|TT|2|AMA INSURANCE AGENCY, INC.|||||PI|30150~MOA|||MA01|MA18~DTM|050|20141211~SVC|HC^99307|51|30.05||1~DTM|472|20140716~CAS|CO|45|12.67||253|.61~CAS|PR|2|7.67~REF|LU|31~REF|6R|1315911412Z1~AMT|B6|38.33~CLP|153-423|19|51|30.05|7.67|MB|2814345357130|31|1~NM1|QC|1|KNIGHT|RENNIE||||HN|453423885A~NM1|82|1||||||XX|1952303547~NM1|TT|2|TX HEALTH & HUMAN SERVICES COMMI|||||PI|70051~MOA|||MA01|MA07~DTM|050|20141211~SVC|HC^99307|51|30.05||1~DTM|472|20140716~CAS|CO|45|12.67||253|.61~CAS|PR|2|7.67~REF|LU|31~REF|6R|1315914308Z1~AMT|B6|38.33~CLP|153-501|19|109|63.87|16.29|MB|2814345357850|33|1~NM1|QC|1|KNIGHT|RENNIE||||HN|453423885A~NM1|82|1||||||XX|1952303547~NM1|TT|2|TX HEALTH & HUMAN SERVICES COMMI|||||PI|70051~MOA|||MA01|MA07~DTM|050|20141211~SVC|HC^99335|109|63.87||1~DTM|472|20140808~CAS|CO|45|27.54||253|1.3~CAS|PR|2|16.29~REF|LU|33~REF|6R|1315922504Z1~AMT|B6|81.46~CLP|5-436|19|104|61.06|15.58|MB|2814345357300|31|1~NM1|QC|1|MALLINGER|ANNE|C|||HN|345102566D~NM1|82|1||||||XX|1952303547~NM1|TT|2|UNITEDHEALTH GROUP|||||PI|30002~MOA|||MA01|MA18~DTM|050|20141211~SVC|HC^99309|104|61.06||1~DTM|472|20140731~CAS|CO|45|26.11||253|1.25~CAS|PR|2|15.58~REF|LU|31~REF|6R|1315916679Z1~AMT|B6|77.89~CLP|5-479|19|51|30.05|7.67|MB|2814345357650|31|1~NM1|QC|1|MALLINGER|ANNE|C|||HN|345102566D~NM1|82|1||||||XX|1952303547~NM1|TT|2|UNITEDHEALTH GROUP|||||PI|30002~MOA|||MA01|MA18~DTM|050|20141211~SVC|HC^99307|51|30.05||1~DTM|472|20140804~CAS|CO|45|12.67||253|.61~CAS|PR|2|7.67~REF|LU|31~REF|6R|1315922477Z1~AMT|B6|38.33~CLP|5-508|19|222|129.81|33.11|MB|2814345357930|33|1~NM1|QC|1|MALLINGER|ANNE|C|||HN|345102566D~NM1|82|1||||||XX|1952303547~NM1|TT|2|UNITEDHEALTH GROUP|||||PI|30002~MOA|||MA01|MA18~DTM|050|20141211~SVC|HC^99337|222|129.81||1~DTM|472|20140811~CAS|CO|45|56.43||253|2.65~CAS|PR|2|33.11~REF|LU|33~REF|6R|1315922595Z1~AMT|B6|165.57~CLP|25-419|1|104|61.06|15.58|MB|2814345357090|31|1~NM1|QC|1|MARTINEZ|ROSA||||HN|564746716D~NM1|82|1||||||XX|1952303547~MOA|||MA01~DTM|050|20141211~SVC|HC^99309|104|61.06||1~DTM|472|20140725~CAS|CO|45|26.11||253|1.25~CAS|PR|2|15.58~REF|LU|31~REF|6R|1315911418Z1~AMT|B6|77.89~CLP|204-443|19|104|61.06|15.58|MB|2814345357310|31|1~NM1|QC|1|MCCLURG|MARY|A|||HN|453329543A~NM1|82|1||||||XX|1952303547~NM1|TT|2|HCSC-BCBS OF TX-FEP B ONLY|||||PI|80012~MOA|||MA01|MA18~DTM|050|20141211~SVC|HC^99309|104|61.06||1~DTM|472|20140728~CAS|CO|45|26.11||253|1.25~CAS|PR|2|15.58~REF|LU|31~REF|6R|1315916680Z1~AMT|B6|77.89~CLP|204-476|19|104|61.06|15.58|MB|2814345357620|31|1~NM1|QC|1|MCCLURG|MARY|A|||HN|453329543A~NM1|82|1||||||XX|1952303547~NM1|TT|2|HCSC-BCBS OF TX-FEP B ONLY|||||PI|80012~MOA|||MA01|MA18~DTM|050|20141211~SVC|HC^99309|104|61.06||1~DTM|472|20140804~CAS|CO|45|26.11||253|1.25~CAS|PR|2|15.58~REF|LU|31~REF|6R|1315922474Z1~AMT|B6|77.89~CLP|204-497|19|79|46.35|11.82|MB|2814345357810|31|1~NM1|QC|1|MCCLURG|MARY|A|||HN|453329543A~NM1|82|1||||||XX|1952303547~NM1|TT|2|HCSC-BCBS OF TX-FEP B ONLY|||||PI|80012~MOA|||MA01|MA18~DTM|050|20141211~SVC|HC^99308|79|46.35||1~DTM|472|20140806~CAS|CO|45|19.88||253|.95~CAS|PR|2|11.82~REF|LU|31~REF|6R|1315922500Z1~AMT|B6|59.12~CLP|1-394|1|79|46.35|11.82|MB|2814345356900|31|1~NM1|QC|1|MCVAY|JOHN||||HN|454307513A~NM1|82|1||||||XX|1952303547~MOA|||MA01~DTM|050|20141211~SVC|HC^99308|79|46.35||1~DTM|472|20140723~CAS|CO|45|19.88||253|.95~CAS|PR|2|11.82~REF|LU|31~REF|6R|1315910887Z1~AMT|B6|59.12~CLP|28-509|1|104|61.06|15.58|MB|2814345357940|31|1~NM1|QC|1|MILBURN|RUBY|L|||HN|456096649D~NM1|82|1||||||XX|1952303547~MOA|||MA01~DTM|050|20141211~SVC|HC^99309|104|61.06||1~DTM|472|20140811~CAS|CO|45|26.11||253|1.25~CAS|PR|2|15.58~REF|LU|31~REF|6R|1315922596Z1~AMT|B6|77.89~CLP|17-392|19|104|61.06|15.58|MB|2814345356880|31|1~NM1|QC|1|MITCHELL|RALPH|C|||HN|304328378A~NM1|82|1||||||XX|1952303547~NM1|TT|2|COLONIAL PENN LIFE INSURANCE CO|||||PI|30326~MOA|||MA01|MA18~DTM|050|20141211~SVC|HC^99309|104|61.06||1~DTM|472|20140723~CAS|CO|45|26.11||253|1.25~CAS|PR|2|15.58~REF|LU|31~REF|6R|1315910863Z1~AMT|B6|77.89~CLP|17-450|19|79|46.35|11.82|MB|2814345357400|31|1~NM1|QC|1|MITCHELL|RALPH|C|||HN|304328378A~NM1|82|1||||||XX|1952303547~NM1|TT|2|COLONIAL PENN LIFE INSURANCE CO|||||PI|30326~MOA|||MA01|MA18~DTM|050|20141211~SVC|HC^99308|79|46.35||1~DTM|472|20140728~CAS|CO|45|19.88||253|.95~CAS|PR|2|11.82~REF|LU|31~REF|6R|1315920809Z1~AMT|B6|59.12~CLP|165-428|19|79|46.35|11.82|MB|2814345357170|31|1~NM1|QC|1|MORENO|MARIA|L|||HN|465183762D~NM1|82|1||||||XX|1952303547~NM1|TT|2|UNITEDHEALTH GROUP|||||PI|30002~MOA|||MA01|MA18~DTM|050|20141211~SVC|HC^99308|79|46.35||1~DTM|472|20140731~CAS|CO|45|19.88||253|.95~CAS|PR|2|11.82~REF|LU|31~REF|6R|1315914312Z1~AMT|B6|59.12~CLP|165-454|19|104|61.06|15.58|MB|2814345357430|31|1~NM1|QC|1|MORENO|MARIA|L|||HN|465183762D~NM1|82|1||||||XX|1952303547~NM1|TT|2|UNITEDHEALTH GROUP|||||PI|30002~MOA|||MA01|MA18~DTM|050|20141211~SVC|HC^99309|104|61.06||1~DTM|472|20140728~CAS|CO|45|26.11||253|1.25~CAS|PR|2|15.58~REF|LU|31~REF|6R|1315920812Z1~AMT|B6|77.89~CLP|165-521|19|79|46.35|11.82|MB|2814345358060|31|1~NM1|QC|1|MORENO|MARIA|L|||HN|465183762D~NM1|82|1||||||XX|1952303547~NM1|TT|2|UNITEDHEALTH GROUP|||||PI|30002~MOA|||MA01|MA18~DTM|050|20141211~SVC|HC^99308|79|46.35||1~DTM|472|20140821~CAS|CO|45|19.88||253|.95~CAS|PR|2|11.82~REF|LU|31~REF|6R|1315929958Z1~AMT|B6|59.12~CLP|52-420|19|104|61.06|15.58|MB|2814345357100|31|1~NM1|QC|1|MORSE|TRACY||||HN|462420991A~NM1|82|1||||||XX|1952303547~NM1|TT|2|AETNA, INC.|||||PI|00060~MOA|||MA01|MA18~DTM|050|20141211~SVC|HC^99309|104|61.06||1~DTM|472|20140725~CAS|CO|45|26.11||253|1.25~CAS|PR|2|15.58~REF|LU|31~REF|6R|1315914305Z1~AMT|B6|77.89~CLP|35-495|1|70|40.79|10.4|MB|2814345357790|33|1~NM1|QC|1|MYERS|SHELBY|A|||HN|488261954B~NM1|82|1||||||XX|1952303547~MOA|||MA01~DTM|050|20141211~SVC|HC^99334|70|40.79||1~DTM|472|20140806~CAS|CO|45|17.98||253|.83~CAS|PR|2|10.4~REF|LU|33~REF|6R|1315922498Z1~AMT|B6|52.02~CLP|178-425|19|104|61.06|15.58|MB|2814345357140|31|1~NM1|QC|1|OBANNON|ADELINE||||HN|313742151A~NM1|82|1||||||XX|1952303547~NM1|TT|2|TX HEALTH & HUMAN SERVICES COMMI|||||PI|70051~MOA|||MA01|MA07~DTM|050|20141211~SVC|HC^99309|104|61.06||1~DTM|472|20140716~CAS|CO|45|26.11||253|1.25~CAS|PR|2|15.58~REF|LU|31~REF|6R|1315914309Z1~AMT|B6|77.89~CLP|178-463|19|51|30.05|7.67|MB|2814345357520|31|1~NM1|QC|1|OBANNON|ADELINE||||HN|313742151A~NM1|82|1||||||XX|1952303547~NM1|TT|2|TX HEALTH & HUMAN SERVICES COMMI|||||PI|70051~MOA|||MA01|MA07~DTM|050|20141211~SVC|HC^99307|51|30.05||1~DTM|472|20140730~CAS|CO|45|12.67||253|.61~CAS|PR|2|7.67~REF|LU|31~REF|6R|1315920821Z1~AMT|B6|38.33~CLP|64-486|19|104|61.06|15.58|MB|2814345357710|31|1~NM1|QC|1|OBENNOSKEY|WILLIAM|O|||HN|431609382A~NM1|82|1||||||XX|1952303547~NM1|TT|2|TX HEALTH & HUMAN SERVICES COMMI|||||PI|70051~MOA|||MA01|MA07~DTM|050|20141211~SVC|HC^99309|104|61.06||1~DTM|472|20140804~CAS|CO|45|26.11||253|1.25~CAS|PR|2|15.58~REF|LU|31~REF|6R|1315922483Z1~AMT|B6|77.89~CLP|115-393|19|104|61.06|15.58|MB|2814345356890|31|1~NM1|QC|1|ODIE|ESTERLEAN|H|||HN|427940263A~NM1|82|1||||||XX|1952303547~NM1|TT|2|TX HEALTH & HUMAN SERVICES COMMI|||||PI|70051~MOA|||MA01|MA07~DTM|050|20141211~SVC|HC^99309|104|61.06||1~DTM|472|20140723~CAS|CO|45|26.11||253|1.25~CAS|PR|2|15.58~REF|LU|31~REF|6R|1315910886Z1~AMT|B6|77.89~CLP|115-444|19|104|61.06|15.58|MB|2814345357320|31|1~NM1|QC|1|ODIE|ESTERLEAN|H|||HN|427940263A~NM1|82|1||||||XX|1952303547~NM1|TT|2|TX HEALTH & HUMAN SERVICES COMMI|||||PI|70051~MOA|||MA01|MA07~DTM|050|20141211~SVC|HC^99309|104|61.06||1~DTM|472|20140728~CAS|CO|45|26.11||253|1.25~CAS|PR|2|15.58~REF|LU|31~REF|6R|1315916681Z1~AMT|B6|77.89~CLP|115-482|19|104|61.06|15.58|MB|2814345357680|31|1~NM1|QC|1|ODIE|ESTERLEAN|H|||HN|427940263A~NM1|82|1||||||XX|1952303547~NM1|TT|2|TX HEALTH & HUMAN SERVICES COMMI|||||PI|70051~MOA|||MA01|MA07~DTM|050|20141211~SVC|HC^99309|104|61.06||1~DTM|472|20140804~CAS|CO|45|26.11||253|1.25~CAS|PR|2|15.58~REF|LU|31~REF|6R|1315922480Z1~AMT|B6|77.89~CLP|180-410|19|104|61.06|15.58|MB|2814345357010|31|1~NM1|QC|1|OROZCO|SUSIE|S|||HN|456100250D~NM1|82|1||||||XX|1952303547~NM1|TT|2|TX HEALTH & HUMAN SERVICES COMMI|||||PI|70051~MOA|||MA01|MA07~DTM|050|20141211~SVC|HC^99309|104|61.06||1~DTM|472|20140717~CAS|CO|45|26.11||253|1.25~CAS|PR|2|15.58~REF|LU|31~REF|6R|1315911409Z1~AMT|B6|77.89~CLP|20-442|19|155|90.82|23.17|MB|2814345357290|31|1~NM1|QC|1|PAGE|ROBERT|H|||HN|275349947A~NM1|82|1||||||XX|1952303547~NM1|TT|2|TX HEALTH & HUMAN SERVICES COMMI|||||PI|70051~MOA|||MA01|MA07~DTM|050|20141211~SVC|HC^99310|155|90.82||1~DTM|472|20140728~CAS|CO|45|39.16||253|1.85~CAS|PR|2|23.17~REF|LU|31~REF|6R|1315916678Z1~AMT|B6|115.84~CLP|20-522|19|104|61.06|15.58|MB|2814345358070|31|1~NM1|QC|1|PAGE|ROBERT|H|||HN|275349947A~NM1|82|1||||||XX|1952303547~NM1|TT|2|TX HEALTH & HUMAN SERVICES COMMI|||||PI|70051~MOA|||MA01|MA07~DTM|050|20141211~SVC|HC^99309|104|61.06||1~DTM|472|20140821~CAS|CO|45|26.11||253|1.25~CAS|PR|2|15.58~REF|LU|31~REF|6R|1315929959Z1~AMT|B6|77.89~CLP|186-502|19|109|63.87|16.29|MB|2814345357860|33|1~NM1|QC|1|PITMAN|JERRY|R|||HN|452401970A~NM1|82|1||||||XX|1952303547~NM1|TT|2|TX HEALTH & HUMAN SERVICES COMMI|||||PI|70051~MOA|||MA01|MA07~DTM|050|20141211~SVC|HC^99335|109|63.87||1~DTM|472|20140808~CAS|CO|45|27.54||253|1.3~CAS|PR|2|16.29~REF|LU|33~REF|6R|1315922505Z1~AMT|B6|81.46~CLP|200-496|19|155|90.82|23.17|MB|2814345357800|31|1~NM1|QC|1|POWERS|JAMES|R|||HN|464443192A~NM1|82|1||||||XX|1952303547~NM1|TT|2|UNITEDHEALTHCARE|||||PI|00082~MOA|||MA01|MA18~DTM|050|20141211~SVC|HC^99310|155|90.82||1~DTM|472|20140806~CAS|CO|45|39.16||253|1.85~CAS|PR|2|23.17~REF|LU|31~REF|6R|1315922499Z1~AMT|B6|115.84~CLP|3-414|19|104|61.06|15.58|MB|2814345357050|31|1~NM1|QC|1|ROTHSTEIN|AGATHA|R|||HN|539267482D~NM1|82|1||||||XX|1952303547~NM1|TT|2|AETNA, INC.|||||PI|00060~MOA|||MA01|MA18~DTM|050|20141211~SVC|HC^99309|104|61.06||1~DTM|472|20140716~CAS|CO|45|26.11||253|1.25~CAS|PR|2|15.58~REF|LU|31~REF|6R|1315911413Z1~AMT|B6|77.89~CLP|3-449|19|79|46.35|11.82|MB|2814345357390|31|1~NM1|QC|1|ROTHSTEIN|AGATHA|R|||HN|539267482D~NM1|82|1||||||XX|1952303547~NM1|TT|2|AETNA, INC.|||||PI|00060~MOA|||MA01|MA18~DTM|050|20141211~SVC|HC^99308|79|46.35||1~DTM|472|20140728~CAS|CO|45|19.88||253|.95~CAS|PR|2|11.82~REF|LU|31~REF|6R|1315920808Z1~AMT|B6|59.12~CLP|134-460|19|79|46.35|11.82|MB|2814345357490|31|1~NM1|QC|1|RUBIO|JANE||||HN|456449295B~NM1|82|1||||||XX|1952303547~NM1|TT|2|TX HEALTH & HUMAN SERVICES COMMI|||||PI|70051~MOA|||MA01|MA07~DTM|050|20141211~SVC|HC^99308|79|46.35||1~DTM|472|20140728~CAS|CO|45|19.88||253|.95~CAS|PR|2|11.82~REF|LU|31~REF|6R|1315920818Z1~AMT|B6|59.12~CLP|134-487|19|154|90.09|22.98|MB|2814345357720|33|1~NM1|QC|1|RUBIO|JANE||||HN|456449295B~NM1|82|1||||||XX|1952303547~NM1|TT|2|TX HEALTH & HUMAN SERVICES COMMI|||||PI|70051~MOA|||MA01|MA07~DTM|050|20141211~SVC|HC^99336|154|90.09||1~DTM|472|20140806~CAS|CO|45|39.09||253|1.84~CAS|PR|2|22.98~REF|LU|33~REF|6R|1315922491Z1~AMT|B6|114.91~CLP|23-461|19|79|46.35|11.82|MB|2814345357500|31|1~NM1|QC|1|RUBIO|ROBERT||||HN|456449295A~NM1|82|1||||||XX|1952303547~NM1|TT|2|TX HEALTH & HUMAN SERVICES COMMI|||||PI|70051~MOA|||MA01|MA07~DTM|050|20141211~SVC|HC^99308|79|46.35||1~DTM|472|20140728~CAS|CO|45|19.88||253|.95~CAS|PR|2|11.82~REF|LU|31~REF|6R|1315920819Z1~AMT|B6|59.12~CLP|123-418|19|104|61.06|15.58|MB|2814345357080|31|1~NM1|QC|1|SAPOZNIKOV|FORTUNA|M|||HN|450888542A~NM1|82|1||||||XX|1952303547~NM1|TT|2|TX HEALTH & HUMAN SERVICES COMMI|||||PI|70051~MOA|||MA01|MA07~DTM|050|20141211~SVC|HC^99309|104|61.06||1~DTM|472|20140725~CAS|CO|45|26.11||253|1.25~CAS|PR|2|15.58~REF|LU|31~REF|6R|1315911417Z1~AMT|B6|77.89~CLP|199-448|19|155|90.82|23.17|MB|2814345357360|31|1~NM1|QC|1|SHELBY|FAYE|D|||HN|461560328A~NM1|82|1||||||XX|1952303547~NM1|TT|2|HCSC-BCBS OF TX-OTHER B ONLY|||||PI|00044~MOA|||MA01|MA18~DTM|050|20141211~SVC|HC^99310|155|90.82||1~DTM|472|20140728~CAS|CO|45|39.16||253|1.85~CAS|PR|2|23.17~REF|LU|31~REF|6R|1315916685Z1~AMT|B6|115.84~CLP|199-484|19|104|61.06|15.58|MB|2814345357690|31|1~NM1|QC|1|SHELBY|FAYE|D|||HN|461560328A~NM1|82|1||||||XX|1952303547~NM1|TT|2|HCSC-BCBS OF TX-OTHER B ONLY|||||PI|00044~MOA|||MA01|MA18~DTM|050|20141211~SVC|HC^99309|104|61.06||1~DTM|472|20140804~CAS|CO|45|26.11||253|1.25~CAS|PR|2|15.58~REF|LU|31~REF|6R|1315922481Z1~AMT|B6|77.89~CLP|107-453|19|79|46.35|11.82|MB|2814345357420|31|1~NM1|QC|1|SHERIDAN|EDNA|V|||HN|486241601A~NM1|82|1||||||XX|1952303547~NM1|TT|2|HCSC-BCBS OF IL,OTHER B ONLY|||||PI|00041~MOA|||MA01|MA18~DTM|050|20141211~SVC|HC^99308|79|46.35||1~DTM|472|20140728~CAS|CO|45|19.88||253|.95~CAS|PR|2|11.82~REF|LU|31~REF|6R|1315920811Z1~AMT|B6|59.12~CLP|107-480|19|51|30.05|7.67|MB|2814345357660|31|1~NM1|QC|1|SHERIDAN|EDNA|V|||HN|486241601A~NM1|82|1||||||XX|1952303547~NM1|TT|2|HCSC-BCBS OF IL,OTHER B ONLY|||||PI|00041~MOA|||MA01|MA18~DTM|050|20141211~SVC|HC^99307|51|30.05||1~DTM|472|20140804~CAS|CO|45|12.67||253|.61~CAS|PR|2|7.67~REF|LU|31~REF|6R|1315922478Z1~AMT|B6|38.33~CLP|107-517|19|109|63.87|16.29|MB|2814345358020|33|1~NM1|QC|1|SHERIDAN|EDNA|V|||HN|486241601A~NM1|82|1||||||XX|1952303547~NM1|TT|2|HCSC-BCBS OF IL,OTHER B ONLY|||||PI|00041~MOA|||MA01|MA18~DTM|050|20141211~SVC|HC^99335|109|63.87||1~DTM|472|20140813~CAS|CO|45|27.54||253|1.3~CAS|PR|2|16.29~REF|LU|33~REF|6R|1315922604Z1~AMT|B6|81.46~CLP|85-416|19|104|61.06|15.58|MB|2814345357070|31|1~NM1|QC|1|SNOW|CAROLYN||||HN|442403577A~NM1|82|1||||||XX|1952303547~NM1|TT|2|TX HEALTH & HUMAN SERVICES COMMI|||||PI|70051~MOA|||MA01|MA07~DTM|050|20141211~SVC|HC^99309|104|61.06||1~DTM|472|20140725~CAS|CO|45|26.11||253|1.25~CAS|PR|2|15.58~REF|LU|31~REF|6R|1315911415Z1~AMT|B6|77.89~CLP|45-409|19|104|61.06|15.58|MB|2814345357000|31|1~NM1|QC|1|STANSBURY|LAWRANCE||||HN|351408635A~NM1|82|1||||||XX|1952303547~NM1|TT|2|TX HEALTH & HUMAN SERVICES COMMI|||||PI|70051~MOA|||MA01|MA07~DTM|050|20141211~SVC|HC^99309|104|61.06||1~DTM|472|20140717~CAS|CO|45|26.11||253|1.25~CAS|PR|2|15.58~REF|LU|31~REF|6R|1315911408Z1~AMT|B6|77.89~CLP|105-412|19|51|30.05|7.67|MB|2814345357030|31|1~NM1|QC|1|THOMPSON|DORIS|W|||HN|466443779A~NM1|82|1||||||XX|1952303547~NM1|TT|2|CHCS SERVICES INC|||||PI|80255~MOA|||MA01|MA18~DTM|050|20141211~SVC|HC^99307|51|30.05||1~DTM|472|20140716~CAS|CO|45|12.67||253|.61~CAS|PR|2|7.67~REF|LU|31~REF|6R|1315911411Z1~AMT|B6|38.33~CLP|84-525|19|109|63.87|16.29|MB|2814345358100|33|1~NM1|QC|1|TIRADO|CAROLYN|L|||HN|458503439A~NM1|82|1||||||XX|1952303547~NM1|TT|2|HCSC-BCBS OF TX-OTHER B ONLY|||||PI|00044~MOA|||MA01|MA18~DTM|050|20141211~SVC|HC^99335|109|63.87||1~DTM|472|20140821~CAS|CO|45|27.54||253|1.3~CAS|PR|2|16.29~REF|LU|33~REF|6R|1315929962Z1~AMT|B6|81.46~CLP|55-421|19|104|61.06|15.58|MB|2814345357110|31|1~NM1|QC|1|UZOMA|SHARON|L|||HN|467397111A~NM1|82|1||||||XX|1952303547~NM1|TT|2|TX HEALTH & HUMAN SERVICES COMMI|||||PI|70051~MOA|||MA01|MA07~DTM|050|20141211~SVC|HC^99309|104|61.06||1~DTM|472|20140724~CAS|CO|45|26.11||253|1.25~CAS|PR|2|15.58~REF|LU|31~REF|6R|1315914306Z1~AMT|B6|77.89~CLP|195-511|1|104|61.06|15.58|MB|2814345357960|31|1~NM1|QC|1|VEACH|CAROL|A|||HN|388320226A~NM1|82|1||||||XX|1952303547~MOA|||MA01~DTM|050|20141211~SVC|HC^99309|104|61.06||1~DTM|472|20140811~CAS|CO|45|26.11||253|1.25~CAS|PR|2|15.58~REF|LU|31~REF|6R|1315922598Z1~AMT|B6|77.89~CLP|184-474|19|104|61.06|15.58|MB|2814345357610|31|1~NM1|QC|1|WARREN|PAULINE||||HN|460100892D~NM1|82|1||||||XX|1952303547~NM1|TT|2|TX HEALTH & HUMAN SERVICES COMMI|||||PI|70051~MOA|||MA01|MA07~DTM|050|20141211~SVC|HC^99309|104|61.06||1~DTM|472|20140804~CAS|CO|45|26.11||253|1.25~CAS|PR|2|15.58~REF|LU|31~REF|6R|1315922473Z1~AMT|B6|77.89~CLP|184-512|19|222|129.81|33.11|MB|2814345357970|33|1~NM1|QC|1|WARREN|PAULINE||||HN|460100892D~NM1|82|1||||||XX|1952303547~NM1|TT|2|TX HEALTH & HUMAN SERVICES COMMI|||||PI|70051~MOA|||MA01|MA07~DTM|050|20141211~SVC|HC^99337|222|129.81||1~DTM|472|20140811~CAS|CO|45|56.43||253|2.65~CAS|PR|2|33.11~REF|LU|33~REF|6R|1315922599Z1~AMT|B6|165.57~CLP|118-415|19|51|30.05|7.67|MB|2814345357060|31|1~NM1|QC|1|WILSON|EUNICE|C|||HN|501261218A~NM1|82|1||||||XX|1952303547~NM1|TT|2|TX HEALTH & HUMAN SERVICES COMMI|||||PI|70051~MOA|||MA01|MA07~DTM|050|20141211~SVC|HC^99307|51|30.05||1~DTM|472|20140716~CAS|CO|45|12.67||253|.61~CAS|PR|2|7.67~REF|LU|31~REF|6R|1315911414Z1~AMT|B6|38.33~CLP|118-445|19|104|61.06|15.58|MB|2814345357330|31|1~NM1|QC|1|WILSON|EUNICE|C|||HN|501261218A~NM1|82|1||||||XX|1952303547~NM1|TT|2|TX HEALTH & HUMAN SERVICES COMMI|||||PI|70051~MOA|||MA01|MA07~DTM|050|20141211~SVC|HC^99309|104|61.06||1~DTM|472|20140728~CAS|CO|45|26.11||253|1.25~CAS|PR|2|15.58~REF|LU|31~REF|6R|1315916682Z1~AMT|B6|77.89~CLP|118-485|19|104|61.06|15.58|MB|2814345357700|31|1~NM1|QC|1|WILSON|EUNICE|C|||HN|501261218A~NM1|82|1||||||XX|1952303547~NM1|TT|2|TX HEALTH & HUMAN SERVICES COMMI|||||PI|70051~MOA|||MA01|MA07~DTM|050|20141211~SVC|HC^99309|104|61.06||1~DTM|472|20140804~CAS|CO|45|26.11||253|1.25~CAS|PR|2|15.58~REF|LU|31~REF|6R|1315922482Z1~AMT|B6|77.89~CLP|157-431|1|51|30.05|7.67|MB|2814345357200|31|1~NM1|QC|1|WOFFORD|LORENE||||HN|466264732D~NM1|82|1||||||XX|1952303547~MOA|||MA01~DTM|050|20141211~SVC|HC^99307|51|30.05||1~DTM|472|20140731~CAS|CO|45|12.67||253|.61~CAS|PR|2|7.67~REF|LU|31~REF|6R|1315914315Z1~AMT|B6|38.33~CLP|157-469|1|154|90.09|22.98|MB|2814345357560|33|1~NM1|QC|1|WOFFORD|LORENE||||HN|466264732D~NM1|82|1||||||XX|1952303547~MOA|||MA01~DTM|050|20141211~SVC|HC^99336|154|90.09||1~DTM|472|20140804~CAS|CO|45|39.09||253|1.84~CAS|PR|2|22.98~REF|LU|33~REF|6R|1315922468Z1~AMT|B6|114.91~CLP|157-513|1|222|129.81|33.11|MB|2814345357980|33|1~NM1|QC|1|WOFFORD|LORENE||||HN|466264732D~NM1|82|1||||||XX|1952303547~MOA|||MA01~DTM|050|20141211~SVC|HC^99337|222|129.81||1~DTM|472|20140811~CAS|CO|45|56.43||253|2.65~CAS|PR|2|33.11~REF|LU|33~REF|6R|1315922600Z1~AMT|B6|165.57~CLP|157-514|1|222|129.81|33.11|MB|2814345357990|33|1~NM1|QC|1|WOFFORD|LORENE||||HN|466264732D~NM1|82|1||||||XX|1952303547~MOA|||MA01~DTM|050|20141211~SVC|HC^99337|222|129.81||1~DTM|472|20140813~CAS|CO|45|56.43||253|2.65~CAS|PR|2|33.11~REF|LU|33~REF|6R|1315922601Z1~AMT|B6|165.57~CLP|157-523|1|222|129.81|33.11|MB|2814345358090|33|1~NM1|QC|1|WOFFORD|LORENE||||HN|466264732D~NM1|82|1||||||XX|1952303547~MOA|||MA01~DTM|050|20141211~SVC|HC^99337|222|129.81||1~DTM|472|20140821~CAS|CO|45|56.43||253|2.65~CAS|PR|2|33.11~REF|LU|33~REF|6R|1315929961Z1~AMT|B6|165.57~CLP|13-387|19|104|61.06|15.58|MB|2814345356830|31|1~NM1|QC|1|WREN|BILLIE|N|||HN|523465985A~NM1|82|1||||||XX|1952303547~NM1|TT|2|TX HEALTH & HUMAN SERVICES COMMI|||||PI|70051~MOA|||MA01|MA07~DTM|050|20141211~SVC|HC^99309|104|61.06||1~DTM|472|20140723~CAS|CO|45|26.11||253|1.25~CAS|PR|2|15.58~REF|LU|31~REF|6R|1315910858Z1~AMT|B6|77.89~CLP|13-458|19|104|61.06|15.58|MB|2814345357470|31|1~NM1|QC|1|WREN|BILLIE|N|||HN|523465985A~NM1|82|1||||||XX|1952303547~NM1|TT|2|TX HEALTH & HUMAN SERVICES COMMI|||||PI|70051~MOA|||MA01|MA07~DTM|050|20141211~SVC|HC^99309|104|61.06||1~DTM|472|20140728~CAS|CO|45|26.11||253|1.25~CAS|PR|2|15.58~REF|LU|31~REF|6R|1315920816Z1~AMT|B6|77.89~CLP|68-403|19|104|61.06|15.58|MB|2814345356940|31|1~NM1|QC|1|YOUNG|AUDREY||||HN|449683350A~NM1|82|1||||||XX|1952303547~NM1|TT|2|UNITEDHEALTH GROUP|||||PI|30002~MOA|||MA01|MA18~DTM|050|20141211~SVC|HC^99309|104|61.06||1~DTM|472|20140717~CAS|CO|45|26.11||253|1.25~CAS|PR|2|15.58~REF|LU|31~REF|6R|1315910893Z1~AMT|B6|77.89~CLP|69-407|19|104|61.06|15.58|MB|2814345356980|31|1~NM1|QC|1|ZEPEDA|MARIA|L|||HN|458052952A~NM1|82|1||||||XX|1952303547~NM1|TT|2|TX HEALTH & HUMAN SERVICES COMMI|||||PI|70051~MOA|||MA01|MA07~DTM|050|20141211~SVC|HC^99309|104|61.06||1~DTM|472|20140717~CAS|CO|45|26.11||253|1.25~CAS|PR|2|15.58~REF|LU|31~REF|6R|1315911406Z1~AMT|B6|77.89~SE|1473|0002~GE|2|402~IEA|1|000000407~