ISA|00|          |00|          |ZZ|ZIRMED         |29|E12705         |141216|1026|U|00401|000000297|0|P|^~GS|HP|ZIRMED|E12705|20141216|1026|292|X|004010X091A1~ST|835|0001~BPR|H|0|C|NON||||||||||||20141216~TRN|1|458422922|1205296137~REF|EV|E12705~DTM|405|20141215~N1|PR|NOVITAS SOLUTIONS, INC.~N3|PO BOX 3110~N4|MECHANICSBURG|PA|170551826~REF|2U|04412~PER|CX||TE|8552528782~N1|PE|DFW GERIATRICS PLLC|XX|1063835361~N3|2925 SKYWAY CIRCLE NORTH~N4|IRVING|TX|750383510~REF|TJ|464596718~LX|1~CLP|180-342|1|51|0||MB|2814344853110|31|1~NM1|QC|1|OROZCO|SUSIE|S|||HN|456100250D~NM1|82|1||||||XX|1952303547~MOA|||MA01~DTM|050|20141210~SVC|HC^99307|51|0||||1~DTM|472|20140703~CAS|CO|151|51~REF|LU|31~REF|6R|1315272187Z1~LQ|HE|N362~SE|27|0001~ST|835|0002~BPR|I|1059.72|C|ACH|CCP|01|081517693|DA|152302017594|1205296137||01|111000025|DA|488038453432|20141216~TRN|1|889156167|1205296137~REF|EV|E12705~DTM|405|20141215~N1|PR|NOVITAS SOLUTIONS, INC.~N3|PO BOX 3110~N4|MECHANICSBURG|PA|170551826~REF|2U|04412~PER|CX||TE|8552528782~N1|PE|DFW GERIATRICS PLLC|XX|1063835361~N3|2925 SKYWAY CIRCLE NORTH~N4|IRVING|TX|750383510~REF|TJ|464596718~LX|1~CLP|27-107|1|79|51.8|13.21|MB|2814336191260|31|1~NM1|QC|1|ANDERSON|ROY|B|||HN|449190079A~NM1|82|1||||||XX|1962447805~MOA|||MA01~DTM|050|20141202~SVC|HC^99308|79|51.8||1~DTM|472|20140703~CAS|CO|45|12.93||253|1.06~CAS|PR|2|13.21~REF|LU|31~REF|6R|1308595912Z1~AMT|B6|66.07~CLP|36-110|19|121|78.95|20.14|MB|2814336191280|31|1~NM1|QC|1|BRADY|SHIRLEY|F|||HN|462036029D~NM1|82|1||||||XX|1962447805~NM1|TT|2|SIERRA HEALTH & LIFE INSURANCE C|||||PI|30096~MOA|||MA01|MA18~DTM|050|20141202~SVC|HC^99316|121|78.95||1~DTM|472|20140701~CAS|CO|45|20.3||253|1.61~CAS|PR|2|20.14~REF|LU|31~REF|6R|1308595915Z1~AMT|B6|100.7~CLP|145-102|19|104|68.25|17.41|MB|2814336191210|31|1~NM1|QC|1|CASTRO|JOSE|A|||HN|635030630A~NM1|82|1||||||XX|1962447805~NM1|TT|2|TX HEALTH & HUMAN SERVICES COMMI|||||PI|70051~MOA|||MA01|MA07~DTM|050|20141202~SVC|HC^99309|104|68.25||1~DTM|472|20140703~CAS|CO|45|16.95||253|1.39~CAS|PR|2|17.41~REF|LU|31~REF|6R|1308595907Z1~AMT|B6|87.05~CLP|117-97|19|104|68.25|17.41|MB|2814336191150|31|1~NM1|QC|1|CHANCE|EUGENIA||||HN|466209252D~NM1|82|1||||||XX|1962447805~NM1|TT|2|TX HEALTH & HUMAN SERVICES COMMI|||||PI|70051~MOA|||MA01|MA07~DTM|050|20141202~SVC|HC^99309|104|68.25||1~DTM|472|20140703~CAS|CO|45|16.95||253|1.39~CAS|PR|2|17.41~REF|LU|31~REF|6R|1308595901Z1~AMT|B6|87.05~CLP|120-93|19|79|51.8|13.21|MB|2814336191120|31|1~NM1|QC|1|CROWDER|EVA||||HN|460445627A~NM1|82|1||||||XX|1962447805~NM1|TT|2|AETNA, INC.|||||PI|00060~MOA|||MA01|MA18~DTM|050|20141202~SVC|HC^99308|79|51.8||1~DTM|472|20140703~CAS|CO|45|12.93||253|1.06~CAS|PR|2|13.21~REF|LU|31~REF|6R|1308595898Z1~AMT|B6|66.07~CLP|135-100|19|51|33.58|8.57|MB|2814336191190|31|1~NM1|QC|1|HEAD|JEANNE||||HN|560325163A~NM1|82|1||||||XX|1962447805~NM1|TT|2|HCSC-BCBS OF TX-OTHER B ONLY|||||PI|00044~MOA|||MA01|MA18~DTM|050|20141202~SVC|HC^99307|51|33.58||1~DTM|472|20140703~CAS|CO|45|8.16||253|.69~CAS|PR|2|8.57~REF|LU|31~REF|6R|1308595905Z1~AMT|B6|42.84~CLP|144-101|19|104|68.25|17.41|MB|2814336191200|31|1~NM1|QC|1|JONES|FRANCES|C|||HN|254282932D6~NM1|82|1||||||XX|1962447805~NM1|TT|2|UNITEDHEALTH GROUP|||||PI|30002~MOA|||MA01|MA18~DTM|050|20141202~SVC|HC^99309|104|68.25||1~DTM|472|20140703~CAS|CO|45|16.95||253|1.39~CAS|PR|2|17.41~REF|LU|31~REF|6R|1308595906Z1~AMT|B6|87.05~CLP|59-108|19|79|51.8|13.21|MB|2814336191300|31|1~NM1|QC|1|KEILSON|GERALD|R|||HN|462301721A~NM1|82|1||||||XX|1962447805~NM1|TT|2|AMA INSURANCE AGENCY, INC.|||||PI|30150~MOA|||MA01|MA18~DTM|050|20141202~SVC|HC^99308|79|51.8||1~DTM|472|20140703~CAS|CO|45|12.93||253|1.06~CAS|PR|2|13.21~REF|LU|31~REF|6R|1308599972Z1~AMT|B6|66.07~CLP|112-106|1|104|68.25|17.41|MB|2814336191250|31|1~NM1|QC|1|MOULTON|EMMA|M|||HN|092030263A~NM1|82|1||||||XX|1962447805~MOA|||MA01~DTM|050|20141202~SVC|HC^99309|104|68.25||1~DTM|472|20140703~CAS|CO|45|16.95||253|1.39~CAS|PR|2|17.41~REF|LU|31~REF|6R|1308595911Z1~AMT|B6|87.05~CLP|64-95|19|51|33.58|8.57|MB|2814336191140|31|1~NM1|QC|1|OBENNOSKEY|WILLIAM|O|||HN|431609382A~NM1|82|1||||||XX|1962447805~NM1|TT|2|TX HEALTH & HUMAN SERVICES COMMI|||||PI|70051~MOA|||MA01|MA07~DTM|050|20141202~SVC|HC^99307|51|33.58||1~DTM|472|20140703~CAS|CO|45|8.16||253|.69~CAS|PR|2|8.57~REF|LU|31~REF|6R|1308595900Z1~AMT|B6|42.84~CLP|115-92|19|51|33.58|8.57|MB|2814336191130|31|1~NM1|QC|1|ODIE|ESTERLEAN|H|||HN|427940263A~NM1|82|1||||||XX|1962447805~NM1|TT|2|TX HEALTH & HUMAN SERVICES COMMI|||||PI|70051~MOA|||MA01|MA07~DTM|050|20141202~SVC|HC^99307|51|33.58||1~DTM|472|20140703~CAS|CO|45|8.16||253|.69~CAS|PR|2|8.57~REF|LU|31~REF|6R|1308595899Z1~AMT|B6|42.84~CLP|134-105|19|104|68.25|17.41|MB|2814336191240|31|1~NM1|QC|1|RUBIO|JANE||||HN|456449295B~NM1|82|1||||||XX|1962447805~NM1|TT|2|TX HEALTH & HUMAN SERVICES COMMI|||||PI|70051~MOA|||MA01|MA07~DTM|050|20141202~SVC|HC^99309|104|68.25||1~DTM|472|20140703~CAS|CO|45|16.95||253|1.39~CAS|PR|2|17.41~REF|LU|31~REF|6R|1308595910Z1~AMT|B6|87.05~CLP|84-99|19|51|33.58|8.57|MB|2814336191180|31|1~NM1|QC|1|TIRADO|CAROLYN|L|||HN|458503439A~NM1|82|1||||||XX|1962447805~NM1|TT|2|HCSC-BCBS OF TX-OTHER B ONLY|||||PI|00044~MOA|||MA01|MA18~DTM|050|20141202~SVC|HC^99307|51|33.58||1~DTM|472|20140703~CAS|CO|45|8.16||253|.69~CAS|PR|2|8.57~REF|LU|31~REF|6R|1308595904Z1~AMT|B6|42.84~CLP|202-112|19|193|126.15|32.18|MB|2814336191290|31|1~NM1|QC|1|TRAINHAM|KENNETH|E|||HN|458546669A~NM1|82|1||||||XX|1962447805~NM1|TT|2|AETNA, INC.|||||PI|00060~MOA|||MA01|MA18~DTM|050|20141202~SVC|HC^99306|193|126.15||1~DTM|472|20140701~CAS|CO|45|32.1||253|2.57~CAS|PR|2|32.18~REF|LU|31~REF|6R|1308595916Z1~AMT|B6|160.9~CLP|184-104|19|104|68.25|17.41|MB|2814336191230|31|1~NM1|QC|1|WARREN|PAULINE||||HN|460100892D~NM1|82|1||||||XX|1962447805~NM1|TT|2|TX HEALTH & HUMAN SERVICES COMMI|||||PI|70051~MOA|||MA01|MA07~DTM|050|20141202~SVC|HC^99309|104|68.25||1~DTM|472|20140703~CAS|CO|45|16.95||253|1.39~CAS|PR|2|17.41~REF|LU|31~REF|6R|1308595909Z1~AMT|B6|87.05~CLP|71-96|1|79|51.8|13.21|MB|2814336191160|31|1~NM1|QC|1|WHITNEY|GRACE|A|||HN|463549144A~NM1|82|1||||||XX|1962447805~MOA|||MA01~DTM|050|20141202~SVC|HC^99308|79|51.8||1~DTM|472|20140703~CAS|CO|45|12.93||253|1.06~CAS|PR|2|13.21~REF|LU|31~REF|6R|1308595902Z1~AMT|B6|66.07~CLP|181-109|19|79|51.8|13.21|MB|2814336191270|31|1~NM1|QC|1|WILLIAMS|OSCAR|D|||HN|449343970A~NM1|82|1||||||XX|1962447805~NM1|TT|2|TX HEALTH & HUMAN SERVICES COMMI|||||PI|70051~MOA|||MA01|MA07~DTM|050|20141202~SVC|HC^99308|79|51.8||1~DTM|472|20140703~CAS|CO|45|12.93||253|1.06~CAS|PR|2|13.21~REF|LU|31~REF|6R|1308595914Z1~AMT|B6|66.07~CLP|157-103|1|79|51.8|13.21|MB|2814336191220|31|1~NM1|QC|1|WOFFORD|LORENE||||HN|466264732D~NM1|82|1||||||XX|1962447805~MOA|||MA01~DTM|050|20141202~SVC|HC^99308|79|51.8||1~DTM|472|20140703~CAS|CO|45|12.93||253|1.06~CAS|PR|2|13.21~REF|LU|31~REF|6R|1308595908Z1~AMT|B6|66.07~SE|246|0002~GE|2|292~IEA|1|000000297~