ISA|00|          |00|          |ZZ|ZIRMED         |29|E12705         |150917|0434|U|00401|000001375|0|P|^~GS|HP|ZIRMED|E12705|20150917|0434|1370|X|004010X091A1~ST|835|0001~BPR|I|81.56|C|ACH|CCP|01|081517693|DA|152302017594|1205296137||01|111000025|DA|488038453432|20150917~TRN|1|891005072|1205296137~REF|EV|E12705~DTM|405|20150916~N1|PR|NOVITAS SOLUTIONS, INC.~N3|PO BOX 3110~N4|MECHANICSBURG|PA|170551826~REF|2U|04412~PER|CX||TE|8552528782~N1|PE|DFW GERIATRICS PLLC|XX|1063835361~N3|2925 SKYWAY CIRCLE NORTH~N4|IRVING|TX|750383510~REF|TJ|464596718~LX|1~CLP|319-3757|1|130|81.56|20.8|MB|2815246539490|11|1~NM1|QC|1|CORTEZ|EDWARD||||HN|449473304A~NM1|82|1||||||XX|1962447805~MOA|||MA01|MA15~DTM|050|20150903~SVC|HC^99214^25|130|81.56||1~DTM|472|20150804~CAS|CO|45|25.98||253|1.66~CAS|PR|2|20.8~REF|6R|1544425985Z1~REF|LU|11~AMT|B6|104.02~SE|28|0001~GE|1|1370~IEA|1|000001375~