ISA|00|          |00|          |ZZ|ZIRMED         |ZZ|611358935      |150605|1333|U|00401|000001004|0|P|^~GS|HP|ZIRMED|611358935|20150605|1333|999|X|004010X091A1~ST|835|0001~BPR|H|0|C|NON||||||||||||20150605~TRN|1|8651515407735 20150604 0047047|1591031071|62308~REF|EV|133052274~REF|F2|1~DTM|405|20150605~N1|PR|CIGNA HEALTH AND LIFE INSURANCE COMPANY~N3|P. O. BOX 182223~N4|CHATTANOOGA|TN|374227223~REF|2U|62308~N1|PE|DFW GERIATRICS PLLC|XX|1063835361~N3|2925 SKYWAY N CIR~N4|IRVING|TX|750383510~REF|TJ|464596718~LX|1~TS3|1063835361|11|20151231|1|58~CLP|5892-2927|1|58|0|31.11|13|8651515407735|11|1~NM1|QC|1|ANKEM|LAKSHMI|D|||MI|U3719966202~NM1|IL|1|ANKEM|LAKSHMI||||MI|U3719966201~NM1|82|1|KETHA|SUMANA|D|||XX|1962447805~REF|1L|3318596~REF|CE|OPEN ACCESS PLUS~DTM|050|20150603~DTM|232|20150331~DTM|233|20150331~PER|CX|MEMBER SERVICES|TE|8002446224~AMT|AU|31.11~SVC|HC^99211|24|0||||1~CAS|CO|236|24~REF|6R|1463401494Z1~SVC|HC^J3420|5|0||||1~CAS|CO|45|1.68~CAS|PR|1|3.32~REF|6R|1463401494Z2~AMT|B6|3.32~SVC|HC^96372|29|0||||1~CAS|CO|45|1.21~CAS|PR|1|27.79~REF|6R|1463401494Z3~AMT|B6|27.79~SE|41|0001~ST|835|0002~BPR|H|0|C|NON||||||||||||20150605~TRN|1|8651515407739 20150604 0047048|1591031071|62308~REF|EV|133052274~REF|F2|1~DTM|405|20150605~N1|PR|CIGNA HEALTH AND LIFE INSURANCE COMPANY~N3|P. O. BOX 182223~N4|CHATTANOOGA|TN|374227223~REF|2U|62308~N1|PE|DFW GERIATRICS PLLC|XX|1063835361~N3|2925 SKYWAY N CIR~N4|IRVING|TX|750383510~REF|TJ|464596718~LX|1~TS3|1063835361|11|20151231|1|58~CLP|5896-2928|1|58|0|31.11|13|8651515407739|11|1~NM1|QC|1|ANKEM|NAGAMURALI||||MI|U3719966201~NM1|82|1|KETHA|SUMANA|D|||XX|1962447805~REF|1L|3318596~REF|CE|OPEN ACCESS PLUS~DTM|050|20150603~DTM|232|20150331~DTM|233|20150331~PER|CX|MEMBER SERVICES|TE|8002446224~AMT|AU|31.11~SVC|HC^99211|24|0||||1~CAS|CO|236|24~REF|6R|1463401495Z1~SVC|HC^J3420|5|0||||1~CAS|CO|45|1.68~CAS|PR|1|3.32~REF|6R|1463401495Z2~AMT|B6|3.32~SVC|HC^96372|29|0||||1~CAS|CO|45|1.21~CAS|PR|1|27.79~REF|6R|1463401495Z3~AMT|B6|27.79~SE|40|0002~GE|2|999~IEA|1|000001004~