ISA|00|          |00|          |ZZ|ZIRMED         |ZZ|AV09311993     |150819|1515|U|00401|000001233|0|P|^~GS|HP|ZIRMED|AV01101957|20150819|1515|1228|X|004010X091A1~ST|835|0001~BPR|I|10.31|C|CHK||||||||||||20150818~TRN|1|C15230339267600|1361236610|CP201508183392676000~REF|EV|TX8355010~DTM|405|20150818~N1|PR|BLUECROSS BLUESHIELD OF TEXAS~N3|P O BOX 660044~N4|DALLAS|TX|752660044~REF|2U|G84980~N1|PE|DFW GERIATRICS PLLC|XX|1063835361~N3|2925 SKYWAY CIR N~N4|IRVING|TX|750383510~REF|TJ|464596718~LX|1~CLP|3165-3523|2|61|10.31||15|020152255704D260X00|11|1~NM1|QC|1|GARNER|BOBBY|J|||MI|ZGM860805206~NM1|82|1|KETHA|SUMANA||||XX|1962447805~REF|1L|0000TX2140000~REF|CE|MEDICARE CROSSOVER CLAIM~DTM|232|20150429~DTM|233|20150429~DTM|050|20150813~AMT|AU|51.56~SVC|HC^G0180|61|10.31||1~DTM|472|20150429~CAS|OA|23|50.69~REF|6R|1510715278Z1~AMT|B6|51.56~SE|29|0001~GE|1|1228~IEA|1|000001233~