ISA|00|          |00|          |ZZ|ZIRMED         |ZZ|GATE0084       |150112|2307|U|00401|000000441|1|P|^~GS|HP|ZIRMED|GATE0084|20150112|2307|436|X|004010X091A1~ST|835|0001~BPR|I|120.63|C|CHK||||||||||||20150109~TRN|1|PG45208249|1411289245|000087726~DTM|405|20150109~N1|PR|UNITED HEALTHCARE INSURANCE COMPANY|XV|87726~N3|P O BOX 740800~N4|ATLANTA|GA|303740800~REF|2U|87726~PER|CX|SAN ANTONIO SERVICE CENTER|TE|8778423210~N1|PE|SUMANA KETHA|XX|1063835361~N3|2925 SKYWAY CIR N~N4|IRVING|TX|750380000~REF|TJ|464596718~LX|1~TS3|1063835361|11|20151231|7|724~CLP|200-738|2|234|38.93||15|4876296878 0042188330|21|1~NM1|QC|1|POWERS|JAMES|R~NM1|IL|1|POWERS|JAMES|R|||MI|910444299~NM1|74|1||D|G~NM1|82|1|KETHA|SUMANA||||XX|1962447805~REF|CE|IND~REF|1L|744432~DTM|050|20150102~DTM|232|20140905~AMT|AU|191.53~SVC|HC^99223|234|38.93||1~DTM|472|20140905~CAS|OA|23|195.07~REF|6R|1320253869Z1~AMT|B6|191.53~CLP|200-739|2|83|13.82||15|4876296879 0042188332|21|1~NM1|QC|1|POWERS|JAMES|R~NM1|IL|1|POWERS|JAMES|R|||MI|910444299~NM1|74|1||D|G~NM1|82|1|KETHA|SUMANA||||XX|1962447805~REF|CE|IND~REF|1L|744432~DTM|050|20150102~DTM|232|20140906~AMT|AU|68~SVC|HC^99232|83|13.82||1~DTM|472|20140906~CAS|OA|23|69.18~REF|6R|1320253875Z1~AMT|B6|68~CLP|200-740|2|83|13.82||15|4876296880 0042188334|21|1~NM1|QC|1|POWERS|JAMES|R~NM1|IL|1|POWERS|JAMES|R|||MI|910444299~NM1|74|1||D|G~NM1|82|1|KETHA|SUMANA||||XX|1962447805~REF|1L|744432~REF|CE|IND~DTM|050|20150102~DTM|232|20140907~AMT|AU|68~SVC|HC^99232|83|13.82||1~DTM|472|20140907~CAS|OA|23|69.18~REF|6R|1320253881Z1~AMT|B6|68~CLP|200-742|2|83|13.82||15|4876296881 0042188335|21|1~NM1|QC|1|POWERS|JAMES|R~NM1|IL|1|POWERS|JAMES|R|||MI|910444299~NM1|74|1||D|G~NM1|82|1|KETHA|SUMANA||||XX|1962447805~REF|CE|IND~REF|1L|744432~DTM|050|20150102~DTM|232|20140909~AMT|AU|68~SVC|HC^99232|83|13.82||1~DTM|472|20140909~CAS|OA|23|69.18~REF|6R|1320253886Z1~AMT|B6|68~CLP|200-741|2|83|13.82||15|4876296882 0042188336|21|1~NM1|QC|1|POWERS|JAMES|R~NM1|IL|1|POWERS|JAMES|R|||MI|910444299~NM1|74|1||D|G~NM1|82|1|KETHA|SUMANA||||XX|1962447805~REF|1L|744432~REF|CE|IND~DTM|050|20150102~DTM|232|20140908~AMT|AU|68~SVC|HC^99232|83|13.82||1~DTM|472|20140908~CAS|OA|23|69.18~REF|6R|1320260736Z1~AMT|B6|68~CLP|148-1031|2|79|13.21||13|4881833397 0016411321|31|1~NM1|QC|1|SEASTRUNK|JUANITA|M~NM1|IL|1|SEASTRUNK|JUANITA|M|||MI|000136320~NM1|82|1|KETHA|SUMANA||||XX|1962447805~REF|CE|CHOYC+~REF|1L|744260~DTM|050|20150107~DTM|232|20140814~AMT|AU|65.01~SVC|HC^99308|79|13.21||1~DTM|472|20140814~CAS|OA|23|65.79~REF|6R|1325744479Z1~AMT|B6|65.01~LQ|HE|N23~CLP|271-1198|2|79|13.21||13|4881833400 0016411271|31|1~NM1|QC|1|BOYD|BETTYE|N~NM1|IL|1|BOYD|BETTYE|N|||MI|000500550~NM1|82|1|KETHA|SUMANA||||XX|1962447805~REF|CE|CHOYC+~REF|1L|744260~DTM|050|20150107~DTM|232|20141030~AMT|AU|65.01~SVC|HC^99308|79|13.21||1~DTM|472|20141030~CAS|OA|23|65.79~REF|6R|1326367679Z1~AMT|B6|65.01~LQ|HE|N23~SE|121|0001~GE|1|436~IEA|1|000000441~