ISA|00|          |00|          |ZZ|ZIRMED         |29|E12705         |150311|0633|U|00401|000000701|0|P|^~GS|HP|ZIRMED|E12705|20150311|0633|696|X|004010X091A1~ST|835|0001~BPR|H|0|C|NON||||||||||||20150311~TRN|1|458868010|1205296137~REF|EV|E12705~DTM|405|20150310~N1|PR|NOVITAS SOLUTIONS, INC.~N3|PO BOX 3110~N4|MECHANICSBURG|PA|170551826~REF|2U|04412~PER|CX||TE|8552528782~N1|PE|DFW GERIATRICS PLLC|XX|1063835361~N3|2925 SKYWAY CIRCLE NORTH~N4|IRVING|TX|750383510~REF|TJ|464596718~LX|1~CLP|353-2511|19|104|0|87.49|MB|2815063621220|32|1~NM1|QC|1|JONES|SAMMIE||||HN|587246165A~NM1|82|1||||||XX|1962447805~NM1|TT|2|TX HEALTH & HUMAN SERVICES COMMI|||||PI|70051~MOA|||MA01|MA27|MA07~DTM|050|20150304~SVC|HC^99309|104|0||1~DTM|472|20150211~CAS|CO|45|16.51~CAS|PR|1|87.49~REF|LU|32~REF|6R|1388403698Z1~AMT|B6|87.49~CLP|46-2314|1|51|0||MB|2815051847330|32|1~NM1|QC|1|NORMAN|SUSAN|C|||HN|465116311A~NM1|82|1||||||XX|1962447805~MOA|||MA01~DTM|050|20150220~SVC|HC^99307|51|0||||1~DTM|472|20141208~CAS|CO|B9|51~REF|LU|32~REF|6R|1378304418Z1~LQ|HE|N90~SE|40|0001~ST|835|0002~BPR|I|120.39|C|ACH|CCP|01|081517693|DA|152302017594|1205296137||01|111000025|DA|488038453432|20150311~TRN|1|889752883|1205296137~REF|EV|E12705~DTM|405|20150310~N1|PR|NOVITAS SOLUTIONS, INC.~N3|PO BOX 3110~N4|MECHANICSBURG|PA|170551826~REF|2U|04412~PER|CX||TE|8552528782~N1|PE|DFW GERIATRICS PLLC|XX|1063835361~N3|2925 SKYWAY CIRCLE NORTH~N4|IRVING|TX|750383510~REF|TJ|464596718~LX|1~CLP|78-2349|19|104|68.59|17.5|MB|2815051846800|32|1~NM1|QC|1|NELSON|HELEN|R|||HN|452520020M~NM1|82|1||||||XX|1962447805~NM1|TT|2|TX HEALTH & HUMAN SERVICES COMMI|||||PI|70051~MOA|||MA01|MA07~DTM|050|20150220~SVC|HC^99309|104|68.59||1~DTM|472|20150126~CAS|CO|45|16.51||253|1.4~CAS|PR|2|17.5~REF|LU|32~REF|6R|1378201724Z1~AMT|B6|87.49~CLP|19-2361|19|79|51.8|13.21|MB|2815056177900|32|1~NM1|QC|1|RYLANDER|RICHARD||||HN|435661924A~NM1|82|1||||||XX|1962447805~NM1|TT|2|TX HEALTH & HUMAN SERVICES COMMI|||||PI|70051~MOA|||MA01|MA07~DTM|050|20150225~SVC|HC^99308|79|51.8||1~DTM|472|20141203~CAS|CO|45|12.93||253|1.06~CAS|PR|2|13.21~REF|LU|32~REF|6R|1382163065Z1~AMT|B6|66.07~SE|42|0002~GE|2|696~IEA|1|000000701~