ISA|00|          |00|          |ZZ|ZIRMED         |ZZ|AV09311993     |150314|1234|U|00401|000000705|0|P|^~GS|HP|ZIRMED|AV01101957|20150314|1234|700|X|004010X091A1~ST|835|0001~BPR|I|16.33|C|CHK||||||||||||20150313~TRN|1|C15072118047910|1361236610|CP201503131180479100~REF|EV|TX8355010~DTM|405|20150313~N1|PR|BLUECROSS BLUESHIELD OF TEXAS~N3|P O BOX 660044~N4|DALLAS|TX|752660044~REF|2U|G84980~N1|PE|DFW GERIATRICS PLLC|XX|1063835361~N3|2925 SKYWAY CIR N~N4|IRVING|TX|750383510~REF|TJ|464596718~LX|1~CLP|139-2386|2|109|16.33||ZZ|0201506957F48930X00|33|1~NM1|QC|1|BUTNER|JOANN||||MI|R02401367~NM1|IL|1|BUTNER|JOANN||||MI|R02401367~NM1|82|1|MARCO|DALE|A|||XX|1952303547~REF|1L|0000FEPTX0102~REF|CE|MEDICARE CROSSOVER CLAIM~DTM|232|20150129~DTM|233|20150129~DTM|050|20150310~AMT|AU|81.63~SVC|HC^99335|109|16.33||1~DTM|472|20150129~CAS|CO|23|27.37~CAS|OA|23|65.3~REF|6R|1378249853Z1~AMT|B6|81.63~SE|31|0001~GE|1|700~IEA|1|000000705~