ISA|00|          |00|          |ZZ|ZIRMED         |ZZ|GATE0084       |150716|1555|U|00401|000001161|1|P|^~GS|HP|ZIRMED|GATE0084|20150716|1555|1156|X|004010X091A1~ST|835|0001~BPR|H|0|C|NON||||||||||||20150710~TRN|1|QK94829131|1411289245|000087726~DTM|405|20150710~N1|PR|UNITED HEALTHCARE INSURANCE COMPANY|XV|87726~N3|GREENSBORO SERVICE CENTER|P O BOX 740800~N4|ATLANTA|GA|303740800~REF|2U|87726~PER|CX|GREENSBORO SERVICE CENTER|TE|8778423210~N1|PE|SUMANA KETHA|XX|1063835361~N3|2925 SKYWAY CIR N~N4|IRVING|TX|750380000~REF|TJ|464596718~LX|1~TS3|1063835361|11|20151231|1|200~CLP|6062-3435|1|200|0|179.94|14|5115750222 0078074397|11|1~NM1|QC|1|KALIGOTLA|MANASWINI~NM1|IL|1|KALIGOTLA|MANASWINI||||MI|917493433~NM1|74|1|GANTI|SRIKAR~NM1|82|1|KETHA|SUMANA||||XX|1962447805~REF|1L|709012~REF|CE|CHOYC~DTM|050|20150701~DTM|232|20150629~AMT|AU|200~SVC|HC^99204|200|0||1~DTM|472|20150629~CAS|CO|45|20.06~CAS|PR|1|179.94~REF|6R|1488605600Z1~AMT|B6|179.94~SE|32|0001~GE|1|1156~IEA|1|000001161~