ISA|00|          |00|          |ZZ|ZIRMED         |ZZ|GATE0084       |151020|1203|U|00401|000001461|1|P|^~GS|HP|ZIRMED|GATE0084|20151020|1203|1456|X|004010X091A1~ST|835|0001~BPR|I|258.45|C|CHK||||||||||||20151016~TRN|1|QC10758605|1411289245|000087726~DTM|405|20151016~N1|PR|UNITED HEALTHCARE INSURANCE COMPANY|XV|87726~N3|GREENSBORO SERVICE CENTER|PO BOX 30555~N4|SALT LAKE CITY|UT|841300555~REF|2U|87726~PER|CX|GREENSBORO SERVICE CENTER|TE|8778423210~N1|PE|SUMANA KETHA|XX|1063835361~N3|2925 SKYWAY CIR N~N4|IRVING|TX|750380000~REF|TJ|464596718~LX|1~TS3|1063835361|11|20151231|6|388~CLP|6058-3926|1|56|51.33||13|5228567815 0019055717|11|1~NM1|QC|1|SANGER|GAURAV~NM1|IL|1|SANGER|GAURAV||||MI|925583603~NM1|74|1||SWARN~NM1|82|1|KETHA|SUMANA||||XX|1962447805~MOA|||MA15~REF|1L|902732~REF|CE|COMP BA~DTM|050|20151005~DTM|232|20150929~AMT|AU|56~SVC|HC^90471|33|29||1~DTM|472|20150929~CAS|CO|45|4~REF|6R|1570007391Z2~AMT|B6|29~SVC|HC^90654|23|22.33||1~DTM|472|20150929~CAS|CO|45|.67~REF|6R|1570007391Z4~AMT|B6|22.33~CLP|6058-3926|1|29|29||13|5228567815 0019055721|11|1~NM1|QC|1|SANGER|GAURAV~NM1|IL|1|SANGER|GAURAV||||MI|925583603~NM1|74|1||SWARN~NM1|82|1|KETHA|SUMANA||||XX|1962447805~MOA|||MA15~REF|CE|COMP BA~REF|1L|902732~DTM|050|20151005~DTM|232|20150929~AMT|AU|29~SVC|HC^96372|29|29||1~DTM|472|20150929~REF|6R|1570007391Z3~AMT|B6|29~CLP|6056-3925|1|56|51.33||13|5228567816 0019055725|11|1~NM1|QC|1|SANGER|SWARN~NM1|IL|1|SANGER|SWARN||||MI|925583603~NM1|82|1|KETHA|SUMANA||||XX|1962447805~MOA|||MA15~REF|1L|902732~REF|CE|COMP BA~DTM|050|20151005~DTM|232|20150929~AMT|AU|56~SVC|HC^90471|33|29||1~DTM|472|20150929~CAS|CO|45|4~REF|6R|1570007388Z2~AMT|B6|29~SVC|HC^90654|23|22.33||1~DTM|472|20150929~CAS|CO|45|.67~REF|6R|1570007388Z3~AMT|B6|22.33~CLP|6056-3925|1|29|29||13|5228567816 0019055726|11|1~NM1|QC|1|SANGER|SWARN~NM1|IL|1|SANGER|SWARN||||MI|925583603~NM1|82|1|KETHA|SUMANA||||XX|1962447805~MOA|||MA15~REF|1L|902732~REF|CE|COMP BA~DTM|050|20151005~DTM|232|20150929~AMT|AU|29~SVC|HC^96372|29|29||1~DTM|472|20150929~REF|6R|1570007388Z4~AMT|B6|29~CLP|6058-3926|1|88|39.46|39.46|13|5228567815 0019253951|11|1~NM1|QC|1|SANGER|GAURAV~NM1|IL|1|SANGER|GAURAV||||MI|925583603~NM1|74|1||SWARN~NM1|82|1|KETHA|SUMANA||||XX|1962447805~MOA|||MA15~REF|CE|COMP BA~REF|1L|902732~DTM|050|20151005~DTM|232|20150929~AMT|AU|88~SVC|HC^99213^25|88|39.46||1~DTM|472|20150929~CAS|CO|45|9.08~CAS|PR|2|39.46~REF|6R|1570007391Z1~AMT|B6|78.92~CLP|6056-3925|1|130|58.33|58.33|13|5228567816 0019253985|11|1~NM1|QC|1|SANGER|SWARN~NM1|IL|1|SANGER|SWARN||||MI|925583603~NM1|82|1|KETHA|SUMANA||||XX|1962447805~MOA|||MA15~REF|CE|COMP BA~REF|1L|902732~DTM|050|20151005~DTM|232|20150929~AMT|AU|130~SVC|HC^99214^25|130|58.33||1~DTM|472|20150929~CAS|CO|45|13.34~CAS|PR|2|58.33~REF|6R|1570007388Z1~AMT|B6|116.66~SE|119|0001~ST|835|0002~BPR|I|48.92|C|CHK||||||||||||20151016~TRN|1|QC60115630|1411289245|000087726~DTM|405|20151016~N1|PR|UNITED HEALTHCARE INSURANCE COMPANY|XV|87726~N3|GREENSBORO SMALL GROUP|P O BOX 740800~N4|ATLANTA|GA|303740800~REF|2U|87726~PER|CX|GREENSBORO SMALL GROUP|TE|8778423210~N1|PE|SUMANA KETHA|XX|1063835361~N3|2925 SKYWAY CIR N~N4|IRVING|TX|750380000~REF|TJ|464596718~LX|1~TS3|1063835361|11|20151231|1|88~CLP|6119-3901|1|88|48.92|30|13|5224834122 0207374086|11|1~NM1|QC|1|SHARMA|BAL|C~NM1|IL|1|SHARMA|BAL|C|||MI|909304762~NM1|82|1|KETHA|SUMANA||||XX|1962447805~REF|1L|6P9778~REF|CE|CHOYC+~DTM|050|20151001~DTM|232|20150925~AMT|AU|88~SVC|HC^99213|88|48.92||1~DTM|472|20150925~CAS|CO|45|9.08~CAS|PR|3|30~REF|6R|1567839973Z1~AMT|B6|78.92~SE|31|0002~GE|2|1456~IEA|1|000001461~