ISA|00|          |00|          |ZZ|ZIRMED         |29|E12705         |150317|0230|U|00401|000000706|0|P|^~GS|HP|ZIRMED|E12705|20150317|0230|701|X|004010X091A1~ST|835|0001~BPR|H|0|C|NON||||||||||||20150317~TRN|1|458899406|1205296137~REF|EV|E12705~DTM|405|20150316~N1|PR|NOVITAS SOLUTIONS, INC.~N3|PO BOX 3110~N4|MECHANICSBURG|PA|170551826~REF|2U|04412~PER|CX||TE|8552528782~N1|PE|DFW GERIATRICS PLLC|XX|1063835361~N3|2925 SKYWAY CIRCLE NORTH~N4|IRVING|TX|750383510~REF|TJ|464596718~LX|1~CLP|289-1781|1|120|0||MB|2815020799200|21|1~NM1|QC|1|PORCHE|MARGARET||||HN|281421765T~NM1|82|1||||||XX|1962447805~MOA|||MA01~DTM|050|20150120~SVC|HC^99233|120|0||||1~DTM|472|20141230~CAS|CO|50|120~REF|LU|21~REF|6R|1349234326Z1~LQ|HE|M25~LQ|HE|N102~SE|28|0001~ST|835|0002~BPR|I|929.43|C|ACH|CCP|01|081517693|DA|152302017594|1205296137||01|111000025|DA|488038453432|20150317~TRN|1|889788758|1205296137~REF|EV|E12705~DTM|405|20150316~N1|PR|NOVITAS SOLUTIONS, INC.~N3|PO BOX 3110~N4|MECHANICSBURG|PA|170551826~REF|2U|04412~PER|CX||TE|8552528782~N1|PE|DFW GERIATRICS PLLC|XX|1063835361~N3|2925 SKYWAY CIRCLE NORTH~N4|IRVING|TX|750383510~REF|TJ|464596718~LX|1~CLP|396-2507|1|193|125.55|32.03|MB|2815062536620|32|1~NM1|QC|1|BIBLES|PATRICIA||||HN|451045941A~NM1|82|1||||||XX|1962447805~MOA|||MA01~DTM|050|20150303~SVC|HC^99306|193|125.55||1~DTM|472|20150220~CAS|CO|45|32.86||253|2.56~CAS|PR|2|32.03~REF|LU|32~REF|6R|1387336280Z1~AMT|B6|160.14~CLP|16-2492|19|51|33.52|8.55|MB|2815062536440|32|1~NM1|QC|1|BURCHETT|JAMES||||HN|456441264A~NM1|82|1||||||XX|1962447805~NM1|TT|2|TX HEALTH & HUMAN SERVICES COMMI|||||PI|70051~MOA|||MA01|MA07~DTM|050|20150303~SVC|HC^99307|51|33.52||1~DTM|472|20150212~CAS|CO|45|8.25||253|.68~CAS|PR|2|8.55~REF|LU|32~REF|6R|1387328936Z1~AMT|B6|42.75~CLP|79-2505|1|193|125.55|32.03|MB|2815062536600|32|1~NM1|QC|1|BURTON|DOLORES|J|||HN|456446751A~NM1|82|1||||||XX|1962447805~MOA|||MA01~DTM|050|20150303~SVC|HC^99306|193|125.55||1~DTM|472|20150220~CAS|CO|45|32.86||253|2.56~CAS|PR|2|32.03~REF|LU|32~REF|6R|1387336276Z1~AMT|B6|160.14~CLP|332-2504|19|193|125.55|32.03|MB|2815062536590|32|1~NM1|QC|1|CARR|BILLIE|J|||HN|410241976D~NM1|82|1||||||XX|1962447805~NM1|TT|2|UNITEDHEALTH GROUP|||||PI|30002~MOA|||MA01|MA18~DTM|050|20150303~SVC|HC^99306|193|125.55||1~DTM|472|20150223~CAS|CO|45|32.86||253|2.56~CAS|PR|2|32.03~REF|LU|32~REF|6R|1387336274Z1~AMT|B6|160.14~CLP|110-2500|19|51|33.52|8.55|MB|2815062536520|32|1~NM1|QC|1|ELLIS|JOHNNY|R|||HN|455964775A~NM1|82|1||||||XX|1962447805~NM1|TT|2|TX HEALTH & HUMAN SERVICES COMMI|||||PI|70051~MOA|||MA01|MA07~DTM|050|20150303~SVC|HC^99307|51|33.52||1~DTM|472|20150212~CAS|CO|45|8.25||253|.68~CAS|PR|2|8.55~REF|LU|32~REF|6R|1387328944Z1~AMT|B6|42.75~CLP|128-2508|19|51|33.52|8.55|MB|2815062536630|32|1~NM1|QC|1|GARCIA|HERALDO||||HN|458840277A~NM1|82|1||||||XX|1962447805~NM1|TT|2|TX HEALTH & HUMAN SERVICES COMMI|||||PI|70051~MOA|||MA01|MA07~DTM|050|20150303~SVC|HC^99307|51|33.52||1~DTM|472|20150212~CAS|CO|45|8.25||253|.68~CAS|PR|2|8.55~REF|LU|32~REF|6R|1387336282Z1~AMT|B6|42.75~CLP|394-2506|19|193|125.55|32.03|MB|2815062536610|32|1~NM1|QC|1|HILL|JEANNE||||HN|467075545C1~NM1|82|1||||||XX|1962447805~NM1|TT|2|TX HEALTH & HUMAN SERVICES COMMI|||||PI|70051~MOA|||MA01|MA07~DTM|050|20150303~SVC|HC^99306|193|125.55||1~DTM|472|20150220~CAS|CO|45|32.86||253|2.56~CAS|PR|2|32.03~REF|LU|32~REF|6R|1387336278Z1~AMT|B6|160.14~CLP|226-2499|19|51|33.52|8.55|MB|2815062536510|32|1~NM1|QC|1|HOUSE|MELVIN||||HN|271329525A~NM1|82|1||||||XX|1962447805~NM1|TT|2|TX HEALTH & HUMAN SERVICES COMMI|||||PI|70051~MOA|||MA01|MA07~DTM|050|20150303~SVC|HC^99307|51|33.52||1~DTM|472|20150212~CAS|CO|45|8.25||253|.68~CAS|PR|2|8.55~REF|LU|32~REF|6R|1387328943Z1~AMT|B6|42.75~CLP|215-2414|19|193|125.55|32.03|MB|2815062536540|32|1~NM1|QC|1|KING|LOUISE||||HN|452523415A~NM1|82|1||||||XX|1962447805~NM1|TT|2|TX HEALTH & HUMAN SERVICES COMMI|||||PI|70051~MOA|||MA01|MA07~DTM|050|20150303~SVC|HC^99306|193|125.55||1~DTM|472|20150212~CAS|CO|45|32.86||253|2.56~CAS|PR|2|32.03~REF|LU|32~REF|6R|1387336264Z1~AMT|B6|160.14~CLP|158-2491|19|51|33.52|8.55|MB|2815062536430|32|1~NM1|QC|1|LUCKETT|MARY||||HN|523464493A~NM1|82|1||||||XX|1962447805~NM1|TT|2|TX HEALTH & HUMAN SERVICES COMMI|||||PI|70051~MOA|||MA01|MA07~DTM|050|20150303~SVC|HC^99307|51|33.52||1~DTM|472|20150212~CAS|CO|45|8.25||253|.68~CAS|PR|2|8.55~REF|LU|32~REF|6R|1387328935Z1~AMT|B6|42.75~CLP|173-2494|19|51|33.52|8.55|MB|2815062536460|32|1~NM1|QC|1|MITCHELL|CARL|W|||HN|449686350A~NM1|82|1||||||XX|1962447805~NM1|TT|2|TX HEALTH & HUMAN SERVICES COMMI|||||PI|70051~MOA|||MA01|MA07~DTM|050|20150303~SVC|HC^99307|51|33.52||1~DTM|472|20150212~CAS|CO|45|8.25||253|.68~CAS|PR|2|8.55~REF|LU|32~REF|6R|1387328938Z1~AMT|B6|42.75~CLP|18-2496|19|51|33.52|8.55|MB|2815062536480|32|1~NM1|QC|1|PONCE|RAYMOND||||HN|562659571A~NM1|82|1||||||XX|1962447805~NM1|TT|2|TX HEALTH & HUMAN SERVICES COMMI|||||PI|70051~MOA|||MA01|MA07~DTM|050|20150303~SVC|HC^99307|51|33.52||1~DTM|472|20150212~CAS|CO|45|8.25||253|.68~CAS|PR|2|8.55~REF|LU|32~REF|6R|1387328940Z1~AMT|B6|42.75~CLP|50-2498|19|51|33.52|8.55|MB|2815062536500|32|1~NM1|QC|1|SANDERS|TONY|R|||HN|467086770A~NM1|82|1||||||XX|1962447805~NM1|TT|2|TX HEALTH & HUMAN SERVICES COMMI|||||PI|70051~MOA|||MA01|MA07~DTM|050|20150303~SVC|HC^99307|51|33.52||1~DTM|472|20150212~CAS|CO|45|8.25||253|.68~CAS|PR|2|8.55~REF|LU|32~REF|6R|1387328942Z1~AMT|B6|42.75~CLP|33-2501|19|51|33.52|8.55|MB|2815062536530|32|1~NM1|QC|1|SAVANNAH|BILLY||||HN|439621087A~NM1|82|1||||||XX|1962447805~NM1|TT|2|TX HEALTH & HUMAN SERVICES COMMI|||||PI|70051~MOA|||MA01|MA07~DTM|050|20150303~SVC|HC^99307|51|33.52||1~DTM|472|20150212~CAS|CO|45|8.25||253|.68~CAS|PR|2|8.55~REF|LU|32~REF|6R|1387328945Z1~AMT|B6|42.75~SE|196|0002~GE|2|701~IEA|1|000000706~