ISA|00|          |00|          |ZZ|ZIRMED         |ZZ|AV09311993     |150805|1457|U|00401|000001213|0|P|^~GS|HP|ZIRMED|AV01101957|20150805|1457|1208|X|004010X091A1~ST|835|0001~BPR|I|7.93|C|CHK||||||||||||20150804~TRN|1|C15216338877500|1361236610|CP201508043388775000~REF|EV|TX8355010~DTM|405|20150804~N1|PR|BLUECROSS BLUESHIELD OF TEXAS~N3|P O BOX 660044~N4|DALLAS|TX|752660044~REF|2U|G84980~N1|PE|DFW GERIATRICS PLLC|XX|1063835361~N3|2925 SKYWAY CIR N~N4|IRVING|TX|750383510~REF|TJ|464596718~LX|1~CLP|3165-3483|2|47|7.93||15|020152125783P470X00|11|1~NM1|QC|1|GARNER|BOBBY|J|||MI|ZGM860805206~NM1|82|1|KETHA|SUMANA||||XX|1962447805~REF|1L|0000TX2140000~REF|CE|MEDICARE CROSSOVER CLAIM~DTM|232|20150628~DTM|233|20150628~DTM|050|20150731~AMT|AU|39.65~SVC|HC^G0179|47|7.93||1~DTM|472|20150628~CAS|OA|23|39.07~REF|6R|1499939579Z1~AMT|B6|39.65~SE|29|0001~GE|1|1208~IEA|1|000001213~