ISA|00|          |00|          |ZZ|ZIRMED         |29|E12705         |150303|0605|U|00401|000000660|0|P|^~GS|HP|ZIRMED|E12705|20150303|0605|655|X|004010X091A1~ST|835|0001~BPR|H|0|C|NON||||||||||||20150303~TRN|1|458820577|1205296137~REF|EV|E12705~DTM|405|20150302~N1|PR|NOVITAS SOLUTIONS, INC.~N3|PO BOX 3110~N4|MECHANICSBURG|PA|170551826~REF|2U|04412~PER|CX||TE|8552528782~N1|PE|DFW GERIATRICS PLLC|XX|1063835361~N3|2925 SKYWAY CIRCLE NORTH~N4|IRVING|TX|750383510~REF|TJ|464596718~LX|1~CLP|286-2486|4|104|0||MB|2815058804740|32|1~NM1|QC|1|TOMMY|GERMANY|L|||HN|456642617M~NM1|82|1||||||XX|1962447805~MOA|||MA130|MA61~DTM|050|20150227~SVC|HC^99309|104|0||||1~DTM|472|20150209~CAS|CO|140|104~REF|LU|32~REF|6R|1384834439Z1~LQ|HE|MA130~LQ|HE|MA61~CLP|392-2463|4|155|0||MB|2815058804160|31|1~NM1|QC|1|DOLORES|TRAVIS||||HN|449620738B~NM1|82|1||||||XX|1952303547~MOA|||MA130|MA61~DTM|050|20150227~SVC|HC^99310|155|0||||1~DTM|472|20150202~CAS|CO|140|155~REF|LU|31~REF|6R|1384825370Z1~LQ|HE|MA130~LQ|HE|MA61~CLP|392-2474|4|104|0||MB|2815058804320|31|1~NM1|QC|1|DOLORES|TRAVIS||||HN|449620738B~NM1|82|1||||||XX|1962447805~MOA|||MA130|MA61~DTM|050|20150227~SVC|HC^99309|104|0||||1~DTM|472|20150205~CAS|CO|140|104~REF|LU|31~REF|6R|1384828742Z1~LQ|HE|MA130~LQ|HE|MA61~CLP|392-2464|4|104|0||MB|2815058804640|31|1~NM1|QC|1|DOLORES|TRAVIS||||HN|449620738B~NM1|82|1||||||XX|1952303547~MOA|||MA130|MA61~DTM|050|20150227~SVC|HC^99309|104|0||||1~DTM|472|20150209~CAS|CO|140|104~REF|LU|31~REF|6R|1384834434Z1~LQ|HE|MA130~LQ|HE|MA61~SE|64|0001~ST|835|0002~BPR|I|2080.8|C|ACH|CCP|01|081517693|DA|152302017594|1205296137||01|111000025|DA|488038453432|20150303~TRN|1|889696631|1205296137~REF|EV|E12705~DTM|405|20150302~N1|PR|NOVITAS SOLUTIONS, INC.~N3|PO BOX 3110~N4|MECHANICSBURG|PA|170551826~REF|2U|04412~PER|CX||TE|8552528782~N1|PE|DFW GERIATRICS PLLC|XX|1063835361~N3|2925 SKYWAY CIRCLE NORTH~N4|IRVING|TX|750383510~REF|TJ|464596718~LX|1~CLP|254-1579|1|84|55|14.03|MB|2915048005420|31|1~NM1|QC|1|APPEL|DARVIN||||HN|446407960A~NM1|82|1||||||XX|1962447805~MOA|||MA01~DTM|050|20150217~SVC|HC^99315^GW|84|55||1~DTM|472|20141201~CAS|CO|45|13.85||253|1.12~CAS|PR|2|14.03~REF|LU|31~REF|6R|1373816501Z1~AMT|B6|70.15~CLP|169-2267|19|154|90.56|23.1|MB|3815048836900|33|1~NM1|QC|1|BARKLEY|MARY||||HN|467427467A~NM1|82|1||||||XX|1952303547~NM1|TT|2|UNITEDHEALTH GROUP|||||PI|30002~MOA|||MA01|MA18~DTM|050|20150217~SVC|HC^99336|154|90.56||1~DTM|472|20150126~CAS|CO|45|38.49||253|1.85~CAS|PR|2|23.1~REF|LU|33~REF|6R|1374987658Z1~AMT|B6|115.51~CLP|348-1979|19|245|24.62|60.67|MB|2915048005450|11|1~NM1|QC|1|BEGUM|MAQBOOL||||HN|341889400M~NM1|82|1||||||XX|1679978068~NM1|TT|2|TX HEALTH & HUMAN SERVICES COMMI|||||PI|70051~MOA|||MA01|MA07~DTM|050|20150217~SVC|HC^99214^25|130|0||||1~DTM|472|20150113~CAS|OA|18|130~REF|LU|11~REF|6R|1373826641Z1~LQ|HE|N522~SVC|HC^99354|115|24.62||1~DTM|472|20150113~CAS|CO|45|29.21||253|.5~CAS|PR|1|54.39||2|6.28~REF|LU|11~REF|6R|1373826641Z2~AMT|B6|85.79~CLP|80-2252|19|104|68.25|17.41|MB|3815048836780|32|1~NM1|QC|1|CAMPBELL|BENNIE||||HN|452629794A~NM1|82|1||||||XX|1962447805~NM1|TT|2|TX HEALTH & HUMAN SERVICES COMMI|||||PI|70051~MOA|||MA01|MA07~DTM|050|20150217~SVC|HC^99309|104|68.25||1~DTM|472|20141111~CAS|CO|45|16.95||253|1.39~CAS|PR|2|17.41~REF|LU|32~REF|6R|1374980278Z1~AMT|B6|87.05~CLP|117-2270|19|222|129.65|33.07|MB|3815048836920|33|1~NM1|QC|1|CHANCE|EUGENIA||||HN|466209252D~NM1|82|1||||||XX|1952303547~NM1|TT|2|TX HEALTH & HUMAN SERVICES COMMI|||||PI|70051~MOA|||MA01|MA07~DTM|050|20150217~SVC|HC^99337|222|129.65||1~DTM|472|20150126~CAS|CO|45|56.63||253|2.65~CAS|PR|2|33.07~REF|LU|33~REF|6R|1374987661Z1~AMT|B6|165.37~CLP|95-2024|19|109|63.99|16.33|MB|2915048005500|33|1~NM1|QC|1|DAILY|TOM|A|||HN|467645645A~NM1|82|1||||||XX|1952303547~NM1|TT|2|TX HEALTH & HUMAN SERVICES COMMI|||||PI|70051~MOA|||MA01|MA07~DTM|050|20150217~SVC|HC^99335|109|63.99||1~DTM|472|20150109~CAS|CO|45|27.37||253|1.31~CAS|PR|2|16.33~REF|LU|33~REF|6R|1373849154Z1~AMT|B6|81.63~CLP|98-2253|19|104|68.25|17.41|MB|3815048836790|32|1~NM1|QC|1|DELUNA|DAVID||||HN|466927987A~NM1|82|1||||||XX|1962447805~NM1|TT|2|TX HEALTH & HUMAN SERVICES COMMI|||||PI|70051~MOA|||MA01|MA27|MA07~DTM|050|20150217~SVC|HC^99309|104|68.25||1~DTM|472|20141111~CAS|CO|45|16.95||253|1.39~CAS|PR|2|17.41~REF|LU|32~REF|6R|1374980279Z1~AMT|B6|87.05~CLP|164-2033|19|109|63.99|16.33|MB|2915048005460|33|1~NM1|QC|1|DOMINGUEZ|MARIA||||HN|456542337A~NM1|82|1||||||XX|1952303547~NM1|TT|2|TX HEALTH & HUMAN SERVICES COMMI|||||PI|70051~MOA|||MA01|MA07~DTM|050|20150217~SVC|HC^99335|109|63.99||1~DTM|472|20150112~CAS|CO|45|27.37||253|1.31~CAS|PR|2|16.33~REF|LU|33~REF|6R|1373838369Z1~AMT|B6|81.63~CLP|164-2266|19|222|129.65|33.07|MB|3815048836890|33|1~NM1|QC|1|DOMINGUEZ|MARIA||||HN|456542337A~NM1|82|1||||||XX|1952303547~NM1|TT|2|TX HEALTH & HUMAN SERVICES COMMI|||||PI|70051~MOA|||MA01|MA07~DTM|050|20150217~SVC|HC^99337|222|129.65||1~DTM|472|20150126~CAS|CO|45|56.63||253|2.65~CAS|PR|2|33.07~REF|LU|33~REF|6R|1374987657Z1~AMT|B6|165.37~CLP|127-2254|19|104|68.25|17.41|MB|3815048836800|32|1~NM1|QC|1|GALIMORE|FELIXD||||HN|439522668A~NM1|82|1||||||XX|1962447805~NM1|TT|2|TX HEALTH & HUMAN SERVICES COMMI|||||PI|70051~MOA|||MA01|MA07~DTM|050|20150217~SVC|HC^99309|104|68.25||1~DTM|472|20141111~CAS|CO|45|16.95||253|1.39~CAS|PR|2|17.41~REF|LU|32~REF|6R|1374980280Z1~AMT|B6|87.05~CLP|129-1582|19|51|33.58|8.57|MB|2915048005430|32|1~NM1|QC|1|GARN|JAMES|F|||HN|467240006A~NM1|82|1||||||XX|1962447805~NM1|TT|2|TX HEALTH & HUMAN SERVICES COMMI|||||PI|70051~MOA|||MA01|MA07~DTM|050|20150217~SVC|HC^99307^GW|51|33.58||1~DTM|472|20141103~CAS|CO|45|8.16||253|.69~CAS|PR|2|8.57~REF|LU|32~REF|6R|1373817787Z1~AMT|B6|42.84~CLP|220-2263|19|222|129.65|33.07|MB|3815048836860|33|1~NM1|QC|1|HOLCOMB|MICKEY|S|||HN|452969456M~NM1|82|1||||||XX|1952303547~NM1|TT|2|TX HEALTH & HUMAN SERVICES COMMI|||||PI|70051~MOA|||MA01|MA07~DTM|050|20150217~SVC|HC^99337|222|129.65||1~DTM|472|20150122~CAS|CO|45|56.63||253|2.65~CAS|PR|2|33.07~REF|LU|33~REF|6R|1374984438Z1~AMT|B6|165.37~CLP|219-2262|19|222|129.65|33.07|MB|3815048836850|33|1~NM1|QC|1|HOOVER|MINNIE|B|||HN|465549405M~NM1|82|1||||||XX|1952303547~NM1|TT|2|TX HEALTH & HUMAN SERVICES COMMI|||||PI|70051~MOA|||MA01|MA07~DTM|050|20150217~SVC|HC^99337|222|129.65||1~DTM|472|20150122~CAS|CO|45|56.63||253|2.65~CAS|PR|2|33.07~REF|LU|33~REF|6R|1374984437Z1~AMT|B6|165.37~CLP|131-2256|19|104|68.25|17.41|MB|3815048836960|32|1~NM1|QC|1|JOHNSON|GEORGE||||HN|451619160A~NM1|82|1||||||XX|1962447805~NM1|TT|2|TX HEALTH & HUMAN SERVICES COMMI|||||PI|70051~MOA|||MA01|MA07~DTM|050|20150217~SVC|HC^99309|104|68.25||1~DTM|472|20141111~CAS|CO|45|16.95||253|1.39~CAS|PR|2|17.41~REF|LU|32~REF|6R|1375000693Z1~AMT|B6|87.05~CLP|207-1988|19|104|68.25|17.41|MB|2915048005490|31|1~NM1|QC|1|JOHNSON|ROSEMARY|R|||HN|462149741A~NM1|82|1||||||XX|1962447805~NM1|TT|2|UNITEDHEALTH GROUP|||||PI|30002~MOA|||MA01|MA18~DTM|050|20150217~SVC|HC^99309|104|68.25||1~DTM|472|20141113~CAS|CO|45|16.95||253|1.39~CAS|PR|2|17.41~REF|LU|31~REF|6R|1373848465Z1~AMT|B6|87.05~CLP|360-2269|19|104|61.37|15.66|MB|3815048836980|31|1~NM1|QC|1|JOHNSTON|CLEORA||||HN|159149272D~NM1|82|1||||||XX|1952303547~NM1|TT|2|UNITEDHEALTH GROUP|||||PI|30002~MOA|||MA01|MA18~DTM|050|20150217~SVC|HC^99309|104|61.37||1~DTM|472|20150126~CAS|CO|45|25.72||253|1.25~CAS|PR|2|15.66~REF|LU|31~REF|6R|1375033403Z1~AMT|B6|78.28~CLP|299-2260|1|79|51.8|13.21|MB|3815048836940|31|1~NM1|QC|1|MARTINEZ|PEDRO|T|||HN|464968305A~NM1|82|1||||||XX|1962447805~MOA|||MA01~DTM|050|20150217~SVC|HC^99308|79|51.8||1~DTM|472|20141208~CAS|CO|45|12.93||253|1.06~CAS|PR|2|13.21~REF|LU|31~REF|6R|1374989539Z1~AMT|B6|66.07~CLP|173-2257|19|104|68.25|17.41|MB|3815048836830|32|1~NM1|QC|1|MITCHELL|CARL|W|||HN|449686350A~NM1|82|1||||||XX|1962447805~NM1|TT|2|TX HEALTH & HUMAN SERVICES COMMI|||||PI|70051~MOA|||MA01|MA07~DTM|050|20150217~SVC|HC^99309|104|68.25||1~DTM|472|20141111~CAS|CO|45|16.95||253|1.39~CAS|PR|2|17.41~REF|LU|32~REF|6R|1374980284Z1~AMT|B6|87.05~CLP|78-1769|19|104|68.25|17.41|MB|2915048005440|32|1~NM1|QC|1|NELSON|HELEN|R|||HN|452520020M~NM1|82|1||||||XX|1962447805~NM1|TT|2|TX HEALTH & HUMAN SERVICES COMMI|||||PI|70051~MOA|||MA01|MA07~DTM|050|20150217~SVC|HC^99309^GW|104|68.25||1~DTM|472|20141104~CAS|CO|45|16.95||253|1.39~CAS|PR|2|17.41~REF|LU|32~REF|6R|1373819816Z1~AMT|B6|87.05~CLP|100-1948|19|104|68.25|17.41|MB|2915048005470|31|1~NM1|QC|1|PETERSON|DEBORAH||||HN|464111423A~NM1|82|1||||||XX|1962447805~NM1|TT|2|TX HEALTH & HUMAN SERVICES COMMI|||||PI|70051~MOA|||MA01|MA07~DTM|050|20150217~SVC|HC^99309|104|68.25||1~DTM|472|20141120~CAS|CO|45|16.95||253|1.39~CAS|PR|2|17.41~REF|LU|31~REF|6R|1373845204Z1~AMT|B6|87.05~CLP|26-2264|19|109|63.99|16.33|MB|3815048836870|33|1~NM1|QC|1|ROWDEN|LESLIE||||HN|466689188C1~NM1|82|1||||||XX|1952303547~NM1|TT|2|TX HEALTH & HUMAN SERVICES COMMI|||||PI|70051~MOA|||MA01|MA07~DTM|050|20150217~SVC|HC^99335|109|63.99||1~DTM|472|20150122~CAS|CO|45|27.37||253|1.31~CAS|PR|2|16.33~REF|LU|33~REF|6R|1374984439Z1~AMT|B6|81.63~CLP|107-2034|19|109|63.99|16.33|MB|2915048005480|33|1~NM1|QC|1|SHERIDAN|EDNA|V|||HN|486241601A~NM1|82|1||||||XX|1952303547~NM1|TT|2|TX HEALTH & HUMAN SERVICES COMMI|||||PI|70051~MOA|||MA01|MA07~DTM|050|20150217~SVC|HC^99335|109|63.99||1~DTM|472|20150112~CAS|CO|45|27.37||253|1.31~CAS|PR|2|16.33~REF|LU|33~REF|6R|1373846064Z1~AMT|B6|81.63~CLP|38-1752|19|104|68.25|17.41|MB|2915048005400|32|1~NM1|QC|1|SMITH|IVORY|D|||HN|466683089A~NM1|82|1||||||XX|1962447805~NM1|TT|2|TX HEALTH & HUMAN SERVICES COMMI|||||PI|70051~MOA|||MA01|MA07~DTM|050|20150217~SVC|HC^99309^GW|104|68.25||1~DTM|472|20140811~CAS|CO|45|16.95||253|1.39~CAS|PR|2|17.41~REF|LU|32~REF|6R|1373797116Z1~AMT|B6|87.05~CLP|14-2258|1|104|68.25|17.41|MB|3815048836820|32|1~NM1|QC|1|TATUM|BILLY||||HN|464486388A~NM1|82|1||||||XX|1962447805~MOA|||MA01~DTM|050|20150217~SVC|HC^99309|104|68.25||1~DTM|472|20141111~CAS|CO|45|16.95||253|1.39~CAS|PR|2|17.41~REF|LU|32~REF|6R|1374980283Z1~AMT|B6|87.05~CLP|376-2271|19|104|61.37|15.66|MB|3815048836930|31|1~NM1|QC|1|TRAVIS|ALFRED|M|||HN|449620738A~NM1|82|1||||||XX|1952303547~NM1|TT|2|AETNA, INC.|||||PI|00060~MOA|||MA01|MA18~DTM|050|20150217~SVC|HC^99309|104|61.37||1~DTM|472|20150126~CAS|CO|45|25.72||253|1.25~CAS|PR|2|15.66~REF|LU|31~REF|6R|1374987662Z1~AMT|B6|78.28~CLP|274-2259|19|79|51.8|13.21|MB|3815048836950|31|1~NM1|QC|1|VINSON|BOLEKA|M|||HN|643580877T~NM1|82|1||||||XX|1962447805~NM1|TT|2|TX HEALTH & HUMAN SERVICES COMMI|||||PI|70051~MOA|||MA01|MA07~DTM|050|20150217~SVC|HC^99308|79|51.8||1~DTM|472|20141208~CAS|CO|45|12.93||253|1.06~CAS|PR|2|13.21~REF|LU|31~REF|6R|1374989540Z1~AMT|B6|66.07~CLP|184-2268|19|222|129.65|33.07|MB|3815048836910|33|1~NM1|QC|1|WARREN|PAULINE||||HN|460100892D~NM1|82|1||||||XX|1952303547~NM1|TT|2|TX HEALTH & HUMAN SERVICES COMMI|||||PI|70051~MOA|||MA01|MA07~DTM|050|20150217~SVC|HC^99337|222|129.65||1~DTM|472|20150126~CAS|CO|45|56.63||253|2.65~CAS|PR|2|33.07~REF|LU|33~REF|6R|1374987659Z1~AMT|B6|165.37~CLP|68-2265|19|109|63.99|16.33|MB|3815048836880|33|1~NM1|QC|1|YOUNG|AUDREY||||HN|449683350A~NM1|82|1||||||XX|1952303547~NM1|TT|2|UNITEDHEALTH GROUP|||||PI|30002~MOA|||MA01|MA18~DTM|050|20150217~SVC|HC^99335|109|63.99||1~DTM|472|20150122~CAS|CO|45|27.37||253|1.31~CAS|PR|2|16.33~REF|LU|33~REF|6R|1374984440Z1~AMT|B6|81.63~SE|383|0002~GE|2|655~IEA|1|000000660~