ISA|00|          |00|          |ZZ|ZIRMED         |ZZ|AV09311993     |150513|1910|U|00401|000000897|0|P|^~GS|HP|ZIRMED|AV01101957|20150513|1910|892|X|004010X091A1~ST|835|0001~BPR|I|206.65|C|CHK||||||||||||20150512~TRN|1|C15132336546370|1361236610|CP201505123365463700~REF|EV|TX8355010~DTM|405|20150512~N1|PR|BLUECROSS BLUESHIELD OF TEXAS~N3|P O BOX 660044~N4|DALLAS|TX|752660044~REF|2U|G84980~N1|PE|DFW GERIATRICS PLLC|XX|1063835361~N3|2925 SKYWAY CIR N~N4|IRVING|TX|750383510~REF|TJ|464596718~LX|1~CLP|1829-2686|1|88|46.72|30|12|0201513150L31800X00|11|1~NM1|QC|1|ABRAHAM|ALVIN||||MI|ZGP832315926~NM1|74|1||VICTOR~NM1|82|1|KETHA|SUMANA||||XX|1962447805~REF|1L|0001627760000~REF|CE|PREFERRED PROVIDER ORGANIZATION~DTM|232|20150312~DTM|233|20150312~DTM|050|20150511~AMT|AU|76.72~SVC|HC^99213|88|46.72||1~DTM|472|20150312~CAS|CO|45|11.28~CAS|PR|1|30~REF|6R|1445549974Z1~AMT|B6|76.72~LX|2~CLP|5797-2741|1|88|76.72||12|020151285032Y800X00|11|1~NM1|QC|1|JOHNSON|JIRIKA||||MI|CGE820342458~NM1|74|1|||T~NM1|82|1|KETHA|SUMANA||||XX|1962447805~REF|1L|0001068110006~REF|CE|PREFERRED PROVIDER ORGANIZATION~DTM|232|20150407~DTM|233|20150407~DTM|050|20150508~AMT|AU|76.72~SVC|HC^99213|88|76.72||1~DTM|472|20150407~CAS|CO|45|11.28~CAS|PR|1|76.72||187|-76.72~REF|6R|1444301687Z1~AMT|B6|76.72~LX|3~CLP|1903-2746|1|130|83.21|30|12|020151285031Y470X00|11|1~NM1|QC|1|MATHEWS|REENU||||MI|UTS0S36JI1L4~NM1|74|1|||R~NM1|82|1|KETHA|SUMANA||||XX|1962447805~REF|1L|0000717780040~REF|CE|PREFERRED PROVIDER ORGANIZATION~DTM|232|20150410~DTM|233|20150410~DTM|050|20150508~AMT|AU|113.21~SVC|HC^99214|130|83.21||1~DTM|472|20150410~CAS|CO|45|16.79~CAS|PR|1|30~REF|6R|1444301689Z1~AMT|B6|113.21~SE|65|0001~GE|1|892~IEA|1|000000897~