ISA|00|          |00|          |ZZ|ZIRMED         |29|E12705         |151119|0445|U|00401|000001566|0|P|^~GS|HP|ZIRMED|E12705|20151119|0445|1561|X|004010X091A1~ST|835|0001~BPR|H|0|C|NON||||||||||||20151119~TRN|1|460056557|1205296137~REF|EV|E12705~DTM|405|20151118~N1|PR|NOVITAS SOLUTIONS, INC.~N3|PO BOX 3110~N4|MECHANICSBURG|PA|170551826~REF|2U|04412~PER|CX||TE|8552528782~N1|PE|DFW GERIATRICS PLLC|XX|1063835361~N3|2925 SKYWAY CIRCLE NORTH~N4|IRVING|TX|750383510~REF|TJ|464596718~LX|1~CLP|315-4028|1|31|0||MB|2815300892582|11|1~NM1|QC|1|PATTILLO|CATHY||||HN|458297430A~NM1|82|1||||||XX|1962447805~MOA|||MA130|MA15~DTM|050|20151027~SVC|HC^G0008^25|31|0||||1~DTM|472|20151016~CAS|CO|4|31~REF|6R|1589122963Z2~REF|LU|11~LQ|HE|MA130~SE|27|0001~ST|835|0002~BPR|I|164.88|C|ACH|CCP|01|081517693|DA|152302017594|1205296137||01|111000025|DA|488038453432|20151119~TRN|1|891702443|1205296137~REF|EV|E12705~DTM|405|20151118~N1|PR|NOVITAS SOLUTIONS, INC.~N3|PO BOX 3110~N4|MECHANICSBURG|PA|170551826~REF|2U|04412~PER|CX||TE|8552528782~N1|PE|DFW GERIATRICS PLLC|XX|1063835361~N3|2925 SKYWAY CIRCLE NORTH~N4|IRVING|TX|750383510~REF|TJ|464596718~LX|1~CLP|420-4048|19|88|54.94|14.02|MB|2915309123660|11|1~NM1|QC|1|AGANON|ASTERIO||||HN|630768999A~NM1|82|1||||||XX|1962447805~NM1|TT|2|ASSURED LIFE ASSOCIATION|||||PI|30281~MOA|||MA01|MA18~DTM|050|20151105~SVC|HC^99213|88|54.94||1~DTM|472|20151021~CAS|CO|45|17.92||253|1.12~CAS|PR|2|14.02~REF|6R|1598046862Z1~REF|LU|11~AMT|B6|70.08~CLP|310-3928|19|174|109.94|28.05|MB|2815309449030|11|1~NM1|QC|1|REED|LATOSHA||||HN|454497150A~NM1|82|1||||||XX|1962447805~NM1|TT|2|TX HEALTH & HUMAN SERVICES COMMI|||||PI|70051~MOA|||MA01|MA15|MA07~DTM|050|20151105~SVC|HC^99215^25|174|109.94||1~DTM|472|20151001~CAS|CO|45|33.77||253|2.24~CAS|PR|2|28.05~REF|6R|1597766797Z1~REF|LU|11~AMT|B6|140.23~SE|42|0002~GE|2|1561~IEA|1|000001566~