ISA|00|          |00|          |ZZ|ZIRMED         |30|611340767      |150818|0858|U|00401|000001228|0|P|^~GS|HP|ZIRMED|611340767|20150818|0858|1223|X|004010X091A1~ST|835|0001~BPR|I|300.15|C|ACH|CCP|01|011900445|DA|0000009046|1066033492||01|111000025|DA|488038453432|20150821~TRN|1|815229340003984|1066033492~REF|EV|611340767~DTM|405|20150818~N1|PR|AETNA~N3|151 FARMINGTON AVENUE~N4|HARTFORD|CT|06156~N1|PE|KETHA, SUMANA|XX|1063835361~N3|2925 SKYWAY CIR N~N4|IRVING|TX|750383510~REF|PQ|762610840~REF|TJ|464596718~LX|1~TS3|1063835361|11|20151231|3|348~CLP|6095-3547|1|88|81.69||13|EAABN0LPH0000|11|1~NM1|QC|1|BUCK|SAMANTHA~NM1|IL|1|BUCK|JACK||||MI|W142893066~NM1|82|1|KETHA|SUMANA||||XX|1063835361~REF|1L|0818912-033-00551-XC~REF|CE|AEXCEL  PLUS AETNA CHOICE  POS II NET 00338~DTM|232|20150803~DTM|233|20150803~DTM|050|20150807~PER|CX||TE|8886323862~AMT|AU|88~SVC|HC^99213|88|81.69||1~DTM|472|20150803~CAS|CO|45|6.31~REF|6R|1520398213Z1~AMT|B6|81.69~CLP|608-3548|1|130|121.15||13|EAJLN1Z330000|11|1~NM1|QC|1|BUCK|ANGELA||||MI|W142893066~NM1|74|1||JACK~NM1|82|1|KETHA|SUMANA||||XX|1063835361~REF|1L|0818912-033-00551-XC~REF|CE|AEXCEL  PLUS AETNA CHOICE  POS II NET 00338~DTM|232|20150803~DTM|233|20150803~DTM|050|20150807~PER|CX||TE|8886323862~AMT|AU|130~SVC|HC^99214|130|121.15||1~DTM|472|20150803~CAS|CO|45|8.85~REF|6R|1520398214Z1~AMT|B6|121.15~CLP|5226-3531|1|130|97.31|30|13|EHPBNY93V0000|11|1~NM1|QC|1|RAFIQUE|MUHAMMAD||||MI|W161621972~NM1|82|1|KETHA|SUMANA||||XX|1063835361~REF|1L|0819974-010-00001-AA~REF|CE|AETNA SELECT  8480 NET 00640~DTM|232|20150612~DTM|233|20150612~DTM|050|20150805~PER|CX||TE|8886323862~AMT|AU|130~SVC|HC^99214|130|97.31||1~DTM|472|20150612~CAS|CO|45|2.69~CAS|PR|3|30~REF|6R|1518179446Z1~AMT|B6|127.31~SE|64|0001~GE|1|1223~IEA|1|000001228~