ISA|00|          |00|          |ZZ|ZIRMED         |ZZ|11             |151021|1606|U|00401|000001467|0|P|^~GS|HP|ZIRMED|FIS123456789|20151021|1606|1462|X|004010X091A1~ST|835|0001~BPR|I|140.64|C|ACH|CCP|01|092904554|DA|150097034071|1201494502||01|111000025|DA|488038453432|20151019~TRN|1|EFT2897740|1201494502~REF|EV|FIS123456789~REF|F2|TXMC QNXT~DTM|405|20151016~N1|PR|MOLINA HEALTHCARE OF TEXAS, INC~N3|2505 N. STATE HIGHWAY 360|STE 300~N4|GRAND PRAIRIE|TX|75050~N1|PE|DFW PRIMARY CARE PLLC|XX|1063835361~N3|2925 SKYWAY CICLE NORTH~N4|IRVING|TX|750383510~REF|TJ|464596718~LX|1~CLP|6134-3921|1|175|140.64|30|MC|15288905448~NM1|QC|1|VERMA|KUSUM||||MI|0002567443~NM1|82|1|KETHA|SUMANA||||XX|1962447805~REF|CE|45786001000201~DTM|232|20151002~DTM|233|20151002~DTM|050|20151015~AMT|AU|145~SVC|HC^99205^25|149|119||1~DTM|472|20151002~CAS|PR|3|30~REF|6R|1578046354Z1~AMT|B6|149~SVC|HC^94760|4|3.18||1~DTM|472|20151002~CAS|CO|45|.82~REF|6R|1578046354Z2~AMT|B6|3.18~SVC|HC^G0444|22|18.46||1~DTM|472|20151002~CAS|CO|45|3.54~REF|6R|1578046354Z3~AMT|B6|18.46~SE|38|0001~ST|835|0002~BPR|I|85.83|C|ACH|CCP|01|092904554|DA|150097034071|1201494502||01|111000025|DA|488038453432|20151019~TRN|1|EFT2898125|1201494502~REF|EV|FIS123456789~REF|F2|TXMC QNXT~DTM|405|20151016~N1|PR|MOLINA HEALTHCARE OF TEXAS, INC~N3|2505 N. STATE HIGHWAY 360|STE 300~N4|GRAND PRAIRIE|TX|75050~N1|PE|DFW PRIMARY CARE PLLC|XX|1063835361~N3|2925 SKYWAY CICLE NORTH~N4|IRVING|TX|750383510~REF|TJ|464596718~LX|1~CLP|347-3448|1|124|85.83|21.9|HM|15287897510~NM1|QC|1|SOTO|JOSE|R|||MI|500000037321~NM1|82|1|KETHA|SUMANA||||XX|1962447805~REF|CE|QMXBP8141~DTM|232|20150731~DTM|233|20150731~DTM|050|20151014~AMT|AU|102.1~SVC|HC^G0181|124|85.83||1~DTM|472|20150731~CAS|CO|131|1.75||45|14.52~CAS|PR|2|21.9~REF|6R|1576984134Z1~AMT|B6|109.48~CLP|347-3448|1|124|0||MC|15287897510M~NM1|QC|1|SOTO|JOSE|R|||MI|500000037321~NM1|74|1||||||C|528734830~NM1|82|1|KETHA|SUMANA||||XX|1962447805~REF|CE|QMXBP8137~DTM|232|20150731~DTM|233|20150731~DTM|050|20151015~SVC|HC^G0181|124|0||1~DTM|472|20150731~CAS|CO|204|38.17~CAS|OA|23|85.83~REF|6R|1576984134Z1~LQ|HE|N130~SE|43|0002~ST|835|0003~BPR|I|140.19|C|ACH|CCP|01|092904554|DA|150097034071|1201494502||01|111000025|DA|488038453432|20151020~TRN|1|EFT2899829|1201494502~REF|EV|FIS123456789~REF|F2|TXMC QNXT~DTM|405|20151019~N1|PR|MOLINA HEALTHCARE OF TEXAS, INC~N3|2505 N. STATE HIGHWAY 360|STE 300~N4|GRAND PRAIRIE|TX|75050~N1|PE|DFW PRIMARY CARE PLLC|XX|1063835361~N3|2925 SKYWAY CICLE NORTH~N4|IRVING|TX|750383510~REF|TJ|464596718~LX|1~CLP|2016-3944|1|130|46.73||MC|15288905441~NM1|QC|1|GILHART|JOHN|C|||MI|530427610~NM1|82|1|KETHA|SUMANA||||XX|1962447805~REF|CE|TQMBPL6979~DTM|232|20151006~DTM|233|20151006~DTM|050|20151015~AMT|AU|130~SVC|HC^99214|130|46.73||1~DTM|472|20151006~CAS|CO|45|83.27~REF|6R|1578043820Z1~AMT|B6|46.73~CLP|3915-3945|1|130|46.73||MC|15288905470~NM1|QC|1|KINNEY|KAREN|L|||MI|512372992~NM1|82|1|KETHA|SUMANA||||XX|1962447805~REF|CE|TQMBPL6979~DTM|232|20151006~DTM|233|20151006~DTM|050|20151015~AMT|AU|130~SVC|HC^99214|130|46.73||1~DTM|472|20151006~CAS|CO|45|83.27~REF|6R|1578043811Z1~AMT|B6|46.73~CLP|3166-3952|1|130|46.73||MC|15288905479~NM1|QC|1|WOLTER|DEBORAH|K|||MI|530188360~NM1|82|1|KETHA|SUMANA||||XX|1962447805~REF|CE|TQMBPL6979~DTM|232|20151009~DTM|233|20151009~DTM|050|20151015~AMT|AU|130~SVC|HC^99214|130|46.73||1~DTM|472|20151009~CAS|CO|45|83.27~REF|6R|1578043775Z1~AMT|B6|46.73~SE|54|0003~GE|3|1462~IEA|1|000001467~