ISA|00|          |00|          |ZZ|ZIRMED         |30|611340767      |151207|0701|U|00401|000002576|0|P|^~GS|HP|ZIRMED|611340767|20151207|0701|2573|X|004010X091A1~ST|835|0001~BPR|H|0|C|NON||||||||||||20151207~TRN|1|915341540001373|1066033492~REF|EV|611340767~DTM|405|20151207~N1|PR|AETNA~N3|151 FARMINGTON AVENUE~N4|HARTFORD|CT|06156~N1|PE|DFW GERIATRICS PLLC|XX|1124441423~N3|2925 SKYWAY CIR N~N4|IRVING|TX|750383510~REF|PQ|080405540~REF|TJ|464596181~LX|1~TS3|1124441423|12|20151231|1|267~CLP|6000-7834|2|267|0|39.96|15|EBPBQS3RQ0000|12|1~NM1|QC|1|CHITWOOD|VIRGINIA|L|||MI|466204078B~NM1|74|1||||||C|W011822717~NM1|82|1|KASENDE|SYLVIANE||||XX|1124441423~REF|1L|0895980-030-00100-CI~REF|CE|TRADITIONAL CHOICE~DTM|232|20150915~DTM|233|20150915~DTM|050|20151202~PER|CX||TE|8886323862~AMT|AU|267~SVC|HC^99496|267|0||1~DTM|472|20150915~CAS|OA|23|227.04~CAS|PR|1|39.96~REF|6R|1606976274Z1~AMT|B6|196.58~LQ|HE|N192~SE|34|0001~GE|1|2573~IEA|1|000002576~