ISA|00|          |00|          |ZZ|ZIRMED         |ZZ|AV09311993     |151125|1854|U|00401|000001595|0|P|^~GS|HP|ZIRMED|AV01101957|20151125|1854|1590|X|004010X091A1~ST|835|0001~BPR|I|603.41|C|CHK||||||||||||20151124~TRN|1|C15328341968660|1361236610|CP201511243419686600~REF|EV|TX8355010~DTM|405|20151124~N1|PR|BLUECROSS BLUESHIELD OF TEXAS~N3|P O BOX 660044~N4|DALLAS|TX|752660044~REF|2U|G84980~N1|PE|DFW GERIATRICS PLLC|XX|1063835361~N3|2925 SKYWAY CIR N~N4|IRVING|TX|750383510~REF|TJ|464596718~LX|1~CLP|6142-4030|1|571|519.66|30|12|020153235002Y840X00|11|1~NM1|QC|1|ANETTE|JEFFERSON REGINA||||MI|ZGQ924650822~NM1|74|1|JEFFERSON|REGINA~NM1|82|1|KETHA|SUMANA||||XX|1962447805~REF|1L|0001320020001~REF|CE|PREFERRED PROVIDER ORGANIZATION~DTM|232|20150930~DTM|233|20150930~DTM|050|20151119~AMT|AU|549.66~SVC|HC^99205^25|149|119||1~DTM|472|20150930~CAS|PR|1|30~REF|6R|1610415563Z1~AMT|B6|149~SVC|HC^94760|4|0||1~DTM|472|20150930~CAS|CO|97|4~REF|6R|1610415563Z2~LQ|HE|M15~SVC|HC^95923|252|252||1~DTM|472|20150930~REF|6R|1610415563Z3~AMT|B6|252~SVC|HC^90654|23|16.72||1~DTM|472|20150930~CAS|CO|45|6.28~REF|6R|1610415563Z4~AMT|B6|16.72~SVC|HC^90471|33|21.94||1~DTM|472|20150930~CAS|CO|45|11.06~REF|6R|1610415563Z5~AMT|B6|21.94~SVC|HC^95921|110|110||1~DTM|472|20150930~REF|6R|1610415563Z6~AMT|B6|110~SVC|HC^G8427|0|0||1~DTM|472|20150930~REF|6R|1610415563Z7~SVC|HC^G8950|0|0||1~DTM|472|20150930~REF|6R|1610415563Z8~LX|2~CLP|2413-4365|1|130|83.75|30|12|020153235007Y550X00|11|1~NM1|QC|1|MATHEWS|REGI||||MI|UTS0S36JI1L4~NM1|74|1||REENU|R~NM1|82|1|KETHA|SUMANA||||XX|1962447805~REF|1L|0000717780040~REF|CE|PREFERRED PROVIDER ORGANIZATION~DTM|232|20151116~DTM|233|20151116~DTM|050|20151119~AMT|AU|113.75~SVC|HC^99214^25|130|83.75||1~DTM|472|20151116~CAS|CO|45|16.25~CAS|PR|1|30~REF|6R|1610415501Z1~AMT|B6|113.75~SVC|HC^G8427|0|0||1~DTM|472|20151116~REF|6R|1610415501Z2~SVC|HC^G8950|0|0||1~DTM|472|20151116~REF|6R|1610415501Z3~SE|82|0001~GE|1|1590~IEA|1|000001595~