ISA|00|          |00|          |ZZ|ZIRMED         |ZZ|AV09311993     |150520|2003|U|00401|000000950|0|P|^~GS|HP|ZIRMED|AV01101957|20150520|2003|945|X|004010X091A1~ST|835|0001~BPR|I|291.29|C|CHK||||||||||||20150519~TRN|1|C15139336752140|1361236610|CP201505193367521400~REF|EV|TX8355010~DTM|405|20150519~N1|PR|BLUECROSS BLUESHIELD OF TEXAS~N3|P O BOX 660044~N4|DALLAS|TX|752660044~REF|2U|G84980~N1|PE|DFW GERIATRICS PLLC|XX|1063835361~N3|2925 SKYWAY CIR N~N4|IRVING|TX|750383510~REF|TJ|464596718~LX|1~CLP|554-2845|1|130|73.21|40|12|020151345017Z250X00|11|1~NM1|QC|1|FLORES|BRIDGET||||MI|ZGP820219090~NM1|74|1|||A~NM1|82|1|KETHA|SUMANA||||XX|1962447805~REF|1L|0001494700000~REF|CE|PREFERRED PROVIDER ORGANIZATION~DTM|232|20150429~DTM|233|20150429~DTM|050|20150514~AMT|AU|113.21~SVC|HC^99214|130|73.21||1~DTM|472|20150429~CAS|CO|45|16.79~CAS|PR|1|40~REF|6R|1449537576Z1~AMT|B6|113.21~LX|2~CLP|1796-2784|1|130|93.21|20|12|020151285054Y090X00|11|1~NM1|QC|1|FUENTES|MARY||||MI|TEA806005526~NM1|82|1|KETHA|SUMANA||||XX|1962447805~REF|1L|000ZGCFAP0000~REF|CE|PREFERRED PROVIDER ORGANIZATION~DTM|232|20150317~DTM|233|20150317~DTM|050|20150508~AMT|AU|113.21~SVC|HC^99214|130|93.21||1~DTM|472|20150317~CAS|CO|45|16.79~CAS|PR|2|20~REF|6R|1444304170Z1~AMT|B6|113.21~LX|3~CLP|5784-2813|1|145|124.87||12|020151345080Z780X00|11|1~NM1|QC|1|KALE|SHEETAL||||MI|CXP000048940~NM1|82|1|KETHA|SUMANA||||XX|1962447805~REF|1L|000ZGCFAP0000~REF|CE|PREFERRED PROVIDER ORGANIZATION~DTM|232|20150402~DTM|233|20150402~DTM|050|20150514~AMT|AU|124.87~SVC|HC^99395|145|124.87||1~DTM|472|20150402~CAS|CO|45|20.13~REF|6R|1449534681Z1~AMT|B6|124.87~SE|62|0001~GE|1|945~IEA|1|000000950~