ISA|00|          |00|          |ZZ|ZIRMED         |ZZ|11             |151020|1110|U|00401|000001459|0|P|^~GS|HP|ZIRMED|FIS123456789|20151020|1110|1454|X|004010X091A1~ST|835|0001~BPR|I|346.87|C|ACH|CCP|01|092904554|DA|150097034071|1201494502||01|111000025|DA|488038453432|20151014~TRN|1|EFT2886557|1201494502~REF|EV|FIS123456789~REF|F2|TXMC QNXT~DTM|405|20151013~N1|PR|MOLINA HEALTHCARE OF TEXAS, INC~N3|2505 N. STATE HIGHWAY 360|STE 300~N4|GRAND PRAIRIE|TX|75050~N1|PE|DFW PRIMARY CARE PLLC|XX|1063835361~N3|2925 SKYWAY CICLE NORTH~N4|IRVING|TX|750383510~REF|TJ|464596718~LX|1~CLP|566-3936|1|465|274.48||MC|15280933460~NM1|QC|1|SMITH|GAROLD|D|||MI|522182631~NM1|82|1|KETHA|SUMANA||||XX|1962447805~REF|CE|TQMBPL6979~DTM|232|20151002~DTM|233|20151002~DTM|050|20151007~AMT|AU|465~SVC|HC^99214^25|130|46.73||1~DTM|472|20151002~CAS|CO|45|83.27~REF|6R|1570948350Z1~AMT|B6|46.73~SVC|HC^90656|17|13.28||1~DTM|472|20151002~CAS|CO|45|3.72~REF|6R|1570948350Z2~AMT|B6|13.28~SVC|HC^90471|33|7.84||1~DTM|472|20151002~CAS|CO|45|25.16~REF|6R|1570948350Z3~AMT|B6|7.84~SVC|HC^96372|29|0||1~DTM|472|20151002~CAS|CO|16|29~REF|6R|1570948350Z4~LQ|HE|N56~SVC|HC^94760|4|0||1~DTM|472|20151002~CAS|CO|234|4~REF|6R|1570948350Z5~LQ|HE|M15~SVC|HC^95923|252|206.63||1~DTM|472|20151002~CAS|CO|45|45.37~REF|6R|1570948350Z6~AMT|B6|206.63~CLP|5754-3935|1|219|72.39||MC|15280933473~NM1|QC|1|SMITH|MARY|A|||MI|513382826~NM1|82|1|KETHA|SUMANA||||XX|1962447805~REF|CE|TQMBPL6979~DTM|232|20151002~DTM|233|20151002~DTM|050|20151007~AMT|AU|219~SVC|HC^99214^25|130|46.73||1~DTM|472|20151002~CAS|CO|45|83.27~REF|6R|1570948348Z1~AMT|B6|46.73~SVC|HC^90654|23|17.82||1~DTM|472|20151002~CAS|CO|45|5.18~REF|6R|1570948348Z2~AMT|B6|17.82~SVC|HC^90471|33|7.84||1~DTM|472|20151002~CAS|CO|45|25.16~REF|6R|1570948348Z3~AMT|B6|7.84~SVC|HC^96372|29|0||1~DTM|472|20151002~CAS|CO|16|29~REF|6R|1570948348Z4~LQ|HE|N56~SVC|HC^94760|4|0||1~DTM|472|20151002~CAS|CO|234|4~REF|6R|1570948348Z5~LQ|HE|M15~SE|86|0001~GE|1|1454~IEA|1|000001459~