ISA|00|          |00|          |ZZ|ZIRMED         |30|611340767      |151013|1347|U|00401|000001447|0|P|^~GS|HP|ZIRMED|611340767|20151013|1347|1442|X|004010X091A1~ST|835|0001~BPR|I|66.69|C|ACH|CCP|01|011900445|DA|0000009046|1066033492||01|111000025|DA|488038453432|20151016~TRN|1|815285570004335|1066033492~REF|EV|611340767~DTM|405|20151013~N1|PR|AETNA~N3|151 FARMINGTON AVENUE~N4|HARTFORD|CT|06156~N1|PE|KETHA, SUMANA|XX|1063835361~N3|2925 SKYWAY CIR N~N4|IRVING|TX|750383510~REF|PQ|762610840~REF|TJ|464596718~LX|1~TS3|1063835361|11|20151231|1|88~CLP|5192-3904|1|88|66.69|15|13|EVJLN28KC0000|11|1~NM1|QC|1|WILSON|JANET||||MI|810513917~NM1|74|1||||||C|W086461559~NM1|82|1|KETHA|SUMANA||||XX|1063835361~REF|1L|0326475-010-00190-AB~REF|CE|AETNA CHOICE  POS II NET 00338~DTM|232|20150928~DTM|233|20150928~DTM|050|20151001~PER|CX||TE|8886323862~AMT|AU|88~SVC|HC^99213|88|66.69||1~DTM|472|20150928~CAS|CO|45|6.31~CAS|PR|3|15~REF|6R|1568069727Z1~AMT|B6|81.69~SE|33|0001~GE|1|1442~IEA|1|000001447~