ISA|00|          |00|          |ZZ|ZIRMED         |ZZ|146173421      |150422|1429|U|00401|000000833|0|P|^~GS|HP|ZIRMED|146173421|20150422|1429|828|X|004010X091A1~ST|835|0001~BPR|I|33.94|C|ACH|CCP|01|021000021|DA|05586085|1999746608|999999999|01|111000025|DA|488038453432|20150423~TRN|1|044294769|1999746608|999999999~REF|F2|0001~DTM|405|20150417~N1|PR|TEXAS MEDICAID/HEALTHCARE SERVICES~N3|12365A RIATA TRACE PARKWAY~N4|AUSTIN|TX|787276524~N1|PE|DFW GERIATRICS PLLC|XX|1063835361~N3|2925 SKYWAY CIR N~N4|IRVING|TX|75038~REF|PQ|193200000X~REF|TJ|464596718~LX|1~CLP|380-2421|4|130|0||MC|200030030201510631018521|11||||0|0~NM1|QC|1|HAYNES|WILLIAM||||MI|529695104~DTM|232|20150120~DTM|233|20150120~PER|CX|MEDI|TE|5127941234~SVC|HC^99214|130|0||||1~DTM|472|20150120~CAS|CO|B7|130|0~REF|6R|1411167101Z1~LQ|HE|N289~LQ|HE|N290~LX|2~CLP|342-2585|4|510|0||MC|100030030201510631024299|11||||0|0~NM1|QC|1|ALLEN|THOMAS||||MI|514429727~DTM|232|20150211~DTM|233|20150211~PER|CX|MEDI|TE|5127941234~SVC|HC^99214^25|130|0||||1~DTM|472|20150211~CAS|CO|B7|130|0~REF|6R|1411167106Z1~LQ|HE|N289~LQ|HE|N290~SVC|HC^99406|18|0||||1~DTM|472|20150211~CAS|CO|B7|18|0~REF|6R|1411167106Z2~LQ|HE|N289~LQ|HE|N290~SVC|HC^95921|110|0||||1~DTM|472|20150211~CAS|CO|B7|110|0~REF|6R|1411167106Z3~LQ|HE|N289~LQ|HE|N290~SVC|HC^95923|252|0||||1~DTM|472|20150211~CAS|CO|B7|252|0~REF|6R|1411167106Z4~LQ|HE|N289~LQ|HE|N290~LX|3~CLP|402-2683|1|70|33.94||MC|100020030201510731288269|33||||0|0~NM1|QC|1|VERNON|RICHARD||||MI|614724725~DTM|232|20150315~DTM|233|20150315~PER|CX|MEDI|TE|5127941234~AMT|AU|37.64~SVC|HC^99334|70|33.94||1~DTM|472|20150315~CAS|CO|203|3.01|0|45|33.05|0~REF|6R|1426238967Z1~REF|HPI|1952303547~AMT|B6|37.64~LQ|HE|N381~LQ|HE|MA125~LX|4~CLP|384-2422|4|149|0||MC|200030030201510631027030|11||||0|0~NM1|QC|1|DRAKE|THOMAS|||JR|MI|626357713~DTM|232|20150202~DTM|233|20150202~PER|CX|MEDI|TE|5127941234~SVC|HC^99205|149|0||||1~DTM|472|20150202~CAS|CO|B7|149|0~REF|6R|1411337739Z1~LQ|HE|N289~LQ|HE|N290~LX|5~CLP|309-2425|4|130|0||MC|100030030201510631026105|11||||0|0~NM1|QC|1|VANDERPOL|ADRIAN||||MI|515140415~DTM|232|20150206~DTM|233|20150206~PER|CX|MEDI|TE|5127941234~SVC|HC^99214|130|0||||1~DTM|472|20150206~CAS|CO|B7|130|0~REF|6R|1411167105Z1~LQ|HE|N289~LQ|HE|N290~SE|95|0001~GE|1|828~IEA|1|000000833~