ISA|00|          |00|          |ZZ|ZIRMED         |30|611340767      |150505|1055|U|00401|000000849|0|P|^~GS|HP|ZIRMED|611340767|20150505|1055|844|X|004010X091A1~ST|835|0001~BPR|I|68.04|C|ACH|CCP|01|011900445|DA|0000009046|1066033492||01|111000025|DA|488038453432|20150508~TRN|1|815124530003839|1066033492~REF|EV|611340767~DTM|405|20150505~N1|PR|AETNA~N3|151 FARMINGTON AVENUE~N4|HARTFORD|CT|06156~N1|PE|KETHA, SUMANA|XX|1063835361~N3|2925 SKYWAY CIR N~N4|IRVING|TX|750383510~REF|PQ|762610840~REF|TJ|464596718~LX|1~TS3|1063835361|11|20151231|4|509~CLP|214-1195|2|79|10.57|2.64|15|E2PBLP7640000|31|1~NM1|QC|1|MILLER JR|WILLIAM|C|||MI|458344463A~NM1|74|1|MILLER||||JR|C|W081488962~NM1|82|1|KETHA|SUMANA||||XX|1063835361~REF|1L|0701224-015-00714-NB~REF|CE|TRADITIONAL CHOICE~DTM|232|20140930~DTM|233|20140930~DTM|050|20150425~PER|CX||TE|8886323862~AMT|AU|79~SVC|HC^99308|79|10.57||1~DTM|472|20140930~CAS|OA|23|65.79~CAS|PR|2|2.64~REF|6R|1419165675Z1~AMT|B6|65.01~LQ|HE|N192~CLP|214-1350|2|104|13.93|3.48|15|E2Y0LQJGC0000|31|1~NM1|QC|1|MILLER JR|WILLIAM|C|||MI|458344463A~NM1|74|1|MILLER||||JR|C|W081488962~NM1|82|1|KETHA|SUMANA||||XX|1063835361~REF|1L|0701224-015-00714-NB~REF|CE|TRADITIONAL CHOICE~DTM|232|20140717~DTM|233|20140717~DTM|050|20150425~PER|CX||TE|8886323862~AMT|AU|104~SVC|HC^99309|104|13.93||1~DTM|472|20140717~CAS|OA|23|86.59~CAS|PR|2|3.48~REF|6R|1419165677Z1~AMT|B6|85.66~LQ|HE|N192~CLP|120-1305|2|222|29.61|7.4|15|E3ABLRPDW0000|33|1~NM1|QC|1|CROWDER|EVA|B|||MI|460445627A~NM1|74|1||||||C|W051736079~NM1|82|1|KETHA|SUMANA||||XX|1063835361~REF|1L|0895980-030-00100-CI~REF|CE|TRADITIONAL CHOICE~DTM|232|20140929~DTM|233|20140929~DTM|050|20150425~PER|CX||TE|8886323862~AMT|AU|222~SVC|HC^99337|222|29.61||1~DTM|472|20140929~CAS|OA|23|184.99~CAS|PR|2|7.4~REF|6R|1419206887Z1~AMT|B6|182.09~LQ|HE|N192~CLP|214-1473|2|104|13.93|3.48|15|E335LRTPW0000|31|1~NM1|QC|1|MILLER JR|WILLIAM|C|||MI|458344463A~NM1|74|1|MILLER||||JR|C|W081488962~NM1|82|1|KETHA|SUMANA||||XX|1063835361~REF|1L|0701224-015-00714-NB~REF|CE|TRADITIONAL CHOICE~DTM|232|20141002~DTM|233|20141002~DTM|050|20150425~PER|CX||TE|8886323862~AMT|AU|104~SVC|HC^99309|104|13.93||1~DTM|472|20141002~CAS|OA|23|86.59~CAS|PR|2|3.48~REF|6R|1419165678Z1~AMT|B6|85.66~LQ|HE|N192~SE|88|0001~GE|1|844~IEA|1|000000849~