ISA|00|          |00|          |ZZ|ZIRMED         |ZZ|GATE0084       |150804|0030|U|00401|000001202|1|P|^~GS|HP|ZIRMED|GATE0084|20150804|0030|1197|X|004010X091A1~ST|835|0001~BPR|I|145.58|C|CHK||||||||||||20150731~TRN|1|PG46982144|1411289245|000087726~DTM|405|20150731~N1|PR|UNITED HEALTHCARE INSURANCE COMPANY|XV|87726~N3|P O BOX 740800~N4|ATLANTA|GA|303740800~REF|2U|87726~PER|CX|SAN ANTONIO SERVICE CENTER|TE|8778423210~N1|PE|SUMANA KETHA|XX|1063835361~N3|2925 SKYWAY CIR N~N4|IRVING|TX|750380000~REF|TJ|464596718~LX|1~TS3|1063835361|11|20151231|2|218~CLP|2322-3482|1|88|53.92|25|14|5141022869 0005913383|11|1~NM1|QC|1|KEOMANIVONG|RENA~NM1|IL|1|KEOMANIVONG|RENA||||MI|966664425~NM1|74|1||PON~NM1|82|1|KETHA|SUMANA||||XX|1962447805~REF|CE|CHOYC~REF|1L|700160~DTM|050|20150723~DTM|232|20150713~AMT|AU|88~SVC|HC^99213|88|53.92||1~DTM|472|20150713~CAS|CO|45|9.08~CAS|PR|3|25~REF|6R|1507046524Z1~AMT|B6|78.92~CLP|5721-3489|1|130|91.66|25|13|5141022868 0020542287|11|1~NM1|QC|1|MAKI|JACQUELINE~NM1|IL|1|MAKI|JACQUELINE||||MI|003114900~NM1|74|1|||R~NM1|82|1|KETHA|SUMANA||||XX|1962447805~REF|1L|744260~REF|CE|NAVI PL~DTM|050|20150723~DTM|232|20150717~AMT|AU|130~SVC|HC^99214|130|91.66||1~DTM|472|20150717~CAS|CO|45|13.34~CAS|PR|3|25~REF|6R|1507046526Z1~AMT|B6|116.66~SE|48|0001~GE|1|1197~IEA|1|000001202~