ISA|00|          |00|          |ZZ|ZIRMED         |29|E12705         |150326|0303|U|00401|000000721|0|P|^~GS|HP|ZIRMED|E12705|20150326|0303|716|X|004010X091A1~ST|835|0001~BPR|I|503.09|C|ACH|CCP|01|081517693|DA|152302017594|1205296137||01|111000025|DA|488038453432|20150326~TRN|1|889852226|1205296137~REF|EV|E12705~DTM|405|20150325~N1|PR|NOVITAS SOLUTIONS, INC.~N3|PO BOX 3110~N4|MECHANICSBURG|PA|170551826~REF|2U|04412~PER|CX||TE|8552528782~N1|PE|DFW GERIATRICS PLLC|XX|1063835361~N3|2925 SKYWAY CIRCLE NORTH~N4|IRVING|TX|750383510~REF|TJ|464596718~LX|1~CLP|279-2312|1|109|63.99|16.33|MB|2815071122290|33|1~NM1|QC|1|BANNER|JOSEPHINE|M|||HN|575283550A~NM1|82|1||||||XX|1679978068~MOA|||MA01~DTM|050|20150312~SVC|HC^99335|109|63.99||1~DTM|472|20150119~CAS|CO|45|27.37||253|1.31~CAS|PR|2|16.33~REF|LU|33~REF|6R|1395914611Z1~AMT|B6|81.63~CLP|72-2136|19|104|68.25|17.41|MB|2815071122320|32|1~NM1|QC|1|GAINES|GWENDOLYN||||HN|462219921TA~NM1|82|1||||||XX|1962447805~NM1|TT|2|TX HEALTH & HUMAN SERVICES COMMI|||||PI|70051~MOA|||MA01|MA07~DTM|050|20150312~SVC|HC^99309^GW|104|68.25||1~DTM|472|20141230~CAS|CO|45|16.95||253|1.39~CAS|PR|2|17.41~REF|LU|32~REF|6R|1395914718Z1~AMT|B6|87.05~CLP|72-2344|19|104|68.59|17.5|MB|2815071122330|32|1~NM1|QC|1|GAINES|GWENDOLYN||||HN|462219921TA~NM1|82|1||||||XX|1962447805~NM1|TT|2|TX HEALTH & HUMAN SERVICES COMMI|||||PI|70051~MOA|||MA01|MA07~DTM|050|20150312~SVC|HC^99309^GW|104|68.59||1~DTM|472|20150126~CAS|CO|45|16.51||253|1.4~CAS|PR|2|17.5~REF|LU|32~REF|6R|1395916723Z1~AMT|B6|87.49~CLP|127-2495|19|51|33.52|8.55|MB|2815071122310|31|1~NM1|QC|1|GALIMORE|FELIX||||HN|439522668A~NM1|82|1||||||XX|1962447805~NM1|TT|2|TX HEALTH & HUMAN SERVICES COMMI|||||PI|70051~MOA|||MA01|MA07~DTM|050|20150312~SVC|HC^99307|51|33.52||1~DTM|472|20150212~CAS|CO|45|8.25||253|.68~CAS|PR|2|8.55~REF|LU|31~REF|6R|1395914640Z1~AMT|B6|42.75~CLP|129-2255|19|104|68.25|17.41|MB|2815071122360|32|1~NM1|QC|1|GARN|JAMES|F|||HN|467240006A~NM1|82|1||||||XX|1962447805~NM1|TT|2|TX HEALTH & HUMAN SERVICES COMMI|||||PI|70051~MOA|||MA01|MA07~DTM|050|20150312~SVC|HC^99309^GW|104|68.25||1~DTM|472|20141111~CAS|CO|45|16.95||253|1.39~CAS|PR|2|17.41~REF|LU|32~REF|6R|1395916890Z1~AMT|B6|87.05~CLP|116-2154|19|104|68.25|17.41|MB|2815071122340|31|1~NM1|QC|1|HERVEY|EUGENE|J|||HN|449680119A~NM1|82|1||||||XX|1962447805~NM1|TT|2|GOV T EMPLOYEE S HEALTH ASSN|||||PI|80054~MOA|||MA01|MA18~DTM|050|20150312~SVC|HC^99309^GW|104|68.25||1~DTM|472|20141119~CAS|CO|45|16.95||253|1.39~CAS|PR|2|17.41~REF|LU|31~REF|6R|1395916860Z1~AMT|B6|87.05~CLP|78-2142|19|104|68.25|17.41|MB|2815071122350|32|1~NM1|QC|1|NELSON|HELEN|R|||HN|452520020M~NM1|82|1||||||XX|1962447805~NM1|TT|2|TX HEALTH & HUMAN SERVICES COMMI|||||PI|70051~MOA|||MA01|MA07~DTM|050|20150312~SVC|HC^99309^GW|104|68.25||1~DTM|472|20141230~CAS|CO|45|16.95||253|1.39~CAS|PR|2|17.41~REF|LU|32~REF|6R|1395916882Z1~AMT|B6|87.05~CLP|20-2299|19|109|63.99|16.33|MB|2815071122300|33|1~NM1|QC|1|PAGE|ROBERT|H|||HN|275349947A~NM1|82|1||||||XX|1952303547~NM1|TT|2|TX HEALTH & HUMAN SERVICES COMMI|||||PI|70051~MOA|||MA01|MA07~DTM|050|20150312~SVC|HC^99335|109|63.99||1~DTM|472|20150127~CAS|CO|45|27.37||253|1.31~CAS|PR|2|16.33~REF|LU|33~REF|6R|1395914636Z1~AMT|B6|81.63~SE|119|0001~GE|1|716~IEA|1|000000721~