ISA|00|          |00|          |ZZ|ZIRMED         |29|E12705         |150225|0348|U|00401|000000645|0|P|^~GS|HP|ZIRMED|E12705|20150225|0348|640|X|004010X091A1~ST|835|0001~BPR|I|1333.52|C|ACH|CCP|01|081517693|DA|152302017594|1205296137||01|111000025|DA|488038453432|20150225~TRN|1|889666089|1205296137~REF|EV|E12705~DTM|405|20150224~N1|PR|NOVITAS SOLUTIONS, INC.~N3|PO BOX 3110~N4|MECHANICSBURG|PA|170551826~REF|2U|04412~PER|CX||TE|8552528782~N1|PE|DFW GERIATRICS PLLC|XX|1063835361~N3|2925 SKYWAY CIRCLE NORTH~N4|IRVING|TX|750383510~REF|TJ|464596718~LX|1~CLP|120-900|19|193|126.15|32.18|MB|2815042167290|31|1~NM1|QC|1|CROWDER|EVA||||HN|460445627A~NM1|82|1||||||XX|1962447805~NM1|TT|2|AETNA, INC.|||||PI|00060~MOA|||MA01|MA18~DTM|050|20150211~SVC|HC^99306|193|126.15||1~DTM|472|20141009~CAS|CO|45|32.1||253|2.57~CAS|PR|2|32.18~REF|LU|31~REF|6R|1370629108Z1~AMT|B6|160.9~CLP|222-815|1|193|126.15|32.18|MB|2815042167300|31|1~NM1|QC|1|DEAN|HOWARD|H|||HN|446166894A~NM1|82|1||||||XX|1962447805~MOA|||MA01~DTM|050|20150211~SVC|HC^99306|193|126.15||1~DTM|472|20140710~CAS|CO|45|32.1||253|2.57~CAS|PR|2|32.18~REF|LU|31~REF|6R|1370629164Z1~AMT|B6|160.9~CLP|370-2219|19|155|90.82|23.17|MB|2915042219320|31|1~NM1|QC|1|GIESEKE|ROBERT||||HN|336281612A~NM1|82|1||||||XX|1952303547~NM1|TT|2|AMERICAN REPUBLIC INSURANCE CO|||||PI|30176~MOA|||MA01|MA18~DTM|050|20150211~SVC|HC^99310|155|90.82||1~DTM|472|20141222~CAS|CO|45|39.16||253|1.85~CAS|PR|2|23.17~REF|LU|31~REF|6R|1371110000Z1~AMT|B6|115.84~CLP|258-1131|19|104|61.06|15.58|MB|2815042167310|31|1~NM1|QC|1|HARGIS|VIRGINA|R|||HN|311209792D~NM1|82|1||||||XX|1952303547~NM1|TT|2|AMERICAN REPUBLIC INSURANCE CO|||||PI|30176~MOA|||MA01|MA18~DTM|050|20150211~SVC|HC^99309|104|61.06||1~DTM|472|20141103~CAS|CO|45|26.11||253|1.25~CAS|PR|2|15.58~REF|LU|31~REF|6R|1370629291Z1~AMT|B6|77.89~CLP|53-2213|19|104|68.25|17.41|MB|2915042219300|32|1~NM1|QC|1|HOLLAND|TRUDY||||HN|465045111A~NM1|82|1||||||XX|1962447805~NM1|TT|2|TX HEALTH & HUMAN SERVICES COMMI|||||PI|70051~MOA|||MA01|MA07~DTM|050|20150211~SVC|HC^99309|104|68.25||1~DTM|472|20141120~CAS|CO|45|16.95||253|1.39~CAS|PR|2|17.41~REF|LU|32~REF|6R|1371109997Z1~AMT|B6|87.05~CLP|353-1994|19|104|68.25|17.41|MB|2815042698130|32|1~NM1|QC|1|JONES|SAMMIE||||HN|587246165A~NM1|82|1||||||XX|1962447805~NM1|TT|2|TX HEALTH & HUMAN SERVICES COMMI|||||PI|70051~MOA|||MA01|MA27|MA07~DTM|050|20150211~SVC|HC^99309|104|68.25||1~DTM|472|20141002~CAS|CO|45|16.95||253|1.39~CAS|PR|2|17.41~REF|LU|32~REF|6R|1371069319Z1~AMT|B6|87.05~CLP|215-2121|19|104|45.1|41.47|MB|2815042167320|32|1~NM1|QC|1|KING|LOUISE||||HN|452523415A~NM1|82|1||||||XX|1962447805~NM1|TT|2|TX HEALTH & HUMAN SERVICES COMMI|||||PI|70051~MOA|||MA01|MA07~DTM|050|20150211~SVC|HC^99309|104|45.1||1~DTM|472|20150121~CAS|CO|45|16.51||253|.92~CAS|PR|1|29.97||2|11.5~REF|LU|32~REF|6R|1370629312Z1~AMT|B6|87.49~CLP|215-1420|19|104|68.25|17.41|MB|2815042167330|32|1~NM1|QC|1|KING|LOUISE||||HN|452523415A~NM1|82|1||||||XX|1962447805~NM1|TT|2|TX HEALTH & HUMAN SERVICES COMMI|||||PI|70051~MOA|||MA01|MA07~DTM|050|20150211~SVC|HC^99309|104|68.25||1~DTM|472|20140721~CAS|CO|45|16.95||253|1.39~CAS|PR|2|17.41~REF|LU|32~REF|6R|1370629320Z1~AMT|B6|87.05~CLP|204-2166|19|79|51.8|13.21|MB|2815042698370|31|1~NM1|QC|1|MCCLURG|MARY|A|||HN|453329543A~NM1|82|1||||||XX|1962447805~NM1|TT|2|HCSC-BCBS OF TX-FEP B ONLY|||||PI|80012~MOA|||MA01|MA18~DTM|050|20150211~SVC|HC^99308|79|51.8||1~DTM|472|20140731~CAS|CO|45|12.93||253|1.06~CAS|PR|2|13.21~REF|LU|31~REF|6R|1371083967Z1~AMT|B6|66.07~CLP|373-2227|1|79|51.8|13.21|MB|2815042698210|32|1~NM1|QC|1|MCGRUDER|ISIAH|M|||HN|466680901A~NM1|82|1||||||XX|1962447805~MOA|||MA01~DTM|050|20150211~SVC|HC^99308|79|51.8||1~DTM|472|20141103~CAS|CO|45|12.93||253|1.06~CAS|PR|2|13.21~REF|LU|32~REF|6R|1371072298Z1~AMT|B6|66.07~CLP|373-2226|1|193|112.87|28.79|MB|2815042698430|32|1~NM1|QC|1|MCGRUDER|ISIAH|M|||HN|466680901A~NM1|82|1||||||XX|1952303547~MOA|||MA01~DTM|050|20150211~SVC|HC^99306|193|112.87||1~DTM|472|20141027~CAS|CO|45|49.04||253|2.3~CAS|PR|2|28.79~REF|LU|32~REF|6R|1371091798Z1~AMT|B6|143.96~CLP|373-2228|1|104|68.25|17.41|MB|2915042219330|32|1~NM1|QC|1|MCGRUDER|ISIAH|M|||HN|466680901A~NM1|82|1||||||XX|1962447805~MOA|||MA01~DTM|050|20150211~SVC|HC^99309|104|68.25||1~DTM|472|20141120~CAS|CO|45|16.95||253|1.39~CAS|PR|2|17.41~REF|LU|32~REF|6R|1371110002Z1~AMT|B6|87.05~CLP|374-2229|19|193|126.15|32.18|MB|2815042698480|32|1~NM1|QC|1|MONTEAUX|DORIS||||HN|465368367A~NM1|82|1||||||XX|1962447805~NM1|TT|2|UNITEDHEALTH GROUP|||||PI|30002~MOA|||MA01|MA18~DTM|050|20150211~SVC|HC^99306|193|126.15||1~DTM|472|20141029~CAS|CO|45|32.1||253|2.57~CAS|PR|2|32.18~REF|LU|32~REF|6R|1371091800Z1~AMT|B6|160.9~CLP|374-2230|19|104|68.25|17.41|MB|2915042219340|32|1~NM1|QC|1|MONTEAUX|DORIS||||HN|465368367A~NM1|82|1||||||XX|1962447805~NM1|TT|2|UNITEDHEALTH GROUP|||||PI|30002~MOA|||MA01|MA18~DTM|050|20150211~SVC|HC^99309|104|68.25||1~DTM|472|20141117~CAS|CO|45|16.95||253|1.39~CAS|PR|2|17.41~REF|LU|32~REF|6R|1371110003Z1~AMT|B6|87.05~CLP|333-1756|19|104|68.25|17.41|MB|2815042698340|32|1~NM1|QC|1|SHUGART|VICK||||HN|460722346A~NM1|82|1||||||XX|1962447805~NM1|TT|2|TX HEALTH & HUMAN SERVICES COMMI|||||PI|70051~MOA|||MA01|MA07~DTM|050|20150211~SVC|HC^99309|104|68.25||1~DTM|472|20140811~CAS|CO|45|16.95||253|1.39~CAS|PR|2|17.41~REF|LU|32~REF|6R|1371083966Z1~AMT|B6|87.05~CLP|47-1947|19|104|68.25|17.41|MB|2915042219290|32|1~NM1|QC|1|THOMAS|JIMMIE M||||HN|427101367D~NM1|82|1||||||XX|1962447805~NM1|TT|2|TX HEALTH & HUMAN SERVICES COMMI|||||PI|70051~MOA|||MA01|MA07~DTM|050|20150211~SVC|HC^99309|104|68.25||1~DTM|472|20141120~CAS|CO|45|16.95||253|1.39~CAS|PR|2|17.41~REF|LU|32~REF|6R|1371109996Z1~AMT|B6|87.05~CLP|68-1573|19|109|63.87|16.29|MB|2815042698250|33|1~NM1|QC|1|YOUNG|AUDREY||||HN|449683350A~NM1|82|1||||||XX|1952303547~NM1|TT|2|UNITEDHEALTH GROUP|||||PI|30002~MOA|||MA01|MA18~DTM|050|20150211~SVC|HC^99335|109|63.87||1~DTM|472|20141121~CAS|CO|45|27.54||253|1.3~CAS|PR|2|16.29~REF|LU|33~REF|6R|1371082829Z1~AMT|B6|81.46~SE|233|0001~GE|1|640~IEA|1|000000645~