ISA|00|          |00|          |ZZ|ZIRMED         |ZZ|11             |151008|0727|U|00401|000001431|0|P|^~GS|HP|ZIRMED|FIS123456789|20151008|0727|1426|X|004010X091A1~ST|835|0001~BPR|I|1065.1|C|ACH|CCP|01|092904554|DA|150097034071|1201494502||01|111000025|DA|488038453432|20151003~TRN|1|EFT2863469|1201494502~REF|EV|FIS123456789~REF|F2|TXMC QNXT~DTM|405|20151002~N1|PR|MOLINA HEALTHCARE OF TEXAS, INC~N3|2505 N. STATE HIGHWAY 360|STE 300~N4|GRAND PRAIRIE|TX|75050~N1|PE|DFW PRIMARY CARE PLLC|XX|1063835361~N3|2925 SKYWAY CICLE NORTH~N4|IRVING|TX|750383510~REF|TJ|464596718~LX|1~CLP|6085-3864|1|1173.46|1040.31|77.94|HM|15260894151~NM1|QC|1|ARINWINE|VERA|L|||MI|500000028402~NM1|82|1|KETHA|SUMANA||||XX|1962447805~REF|CE|QMXBP8141~DTM|232|20150915~DTM|233|20150915~DTM|050|20150917~AMT|AU|1095.52~SVC|HC^99214^25|130|85.84||1~DTM|472|20150915~CAS|CO|131|1.75||45|20.51~CAS|PR|2|21.9~REF|6R|1554584660Z1~AMT|B6|109.49~SVC|HC^90656|17|13.82||1~DTM|472|20150915~CAS|CO|131|.28||45|2.9~REF|6R|1554584660Z2~AMT|B6|14.1~SVC|HC^90471|33|25.2||1~DTM|472|20150915~CAS|CO|131|.51||45|7.29~REF|6R|1554584660Z3~AMT|B6|25.71~SVC|HC^96372|29|20.16||1~DTM|472|20150915~CAS|CO|131|.41||45|3.29~CAS|PR|2|5.14~REF|6R|1554584660Z4~AMT|B6|25.71~SVC|HC^96120|46.18|45.26||1~DTM|472|20150915~CAS|CO|131|.92~REF|6R|1554584660Z5~AMT|B6|46.18~SVC|HC^95957|305.27|299.16||1~DTM|472|20150915~CAS|CO|131|6.11~REF|6R|1554584660Z6~AMT|B6|305.27~SVC|HC^95816|346.27|339.34||1~DTM|472|20150915~CAS|CO|131|6.93~REF|6R|1554584660Z7~AMT|B6|346.27~SVC|HC^95930|123.94|97.17||1~DTM|472|20150915~CAS|CO|131|1.98~CAS|PR|2|24.79~REF|6R|1554584660Z8~AMT|B6|123.94~SVC|HC^92585|130.57|102.37||1~DTM|472|20150915~CAS|CO|131|2.09~CAS|PR|2|26.11~REF|6R|1554584660Z9~AMT|B6|130.57~SVC|HC^99090|0|0||1~DTM|472|20150915~REF|6R|1554584660Z10~LQ|HE|N130~SVC|HC^93040|12.23|11.99||1~DTM|472|20150915~CAS|CO|131|.24~REF|6R|1554584660Z11~AMT|B6|12.23~CLP|6085-3864|2|1173.46|24.79||MC|15260894151M~NM1|QC|1|ARINWINE|VERA|L|||MI|500000028402~NM1|74|1||||||C|529814914~NM1|82|1|KETHA|SUMANA||||XX|1962447805~REF|CE|QMXBP8137~DTM|232|20150915~DTM|233|20150915~DTM|050|20150930~AMT|AU|764.96~SVC|HC^99214^25|130|0||1~DTM|472|20150915~CAS|CO|45|44.16~CAS|OA|23|85.84~REF|6R|1554584660Z1~AMT|B6|46.73~SVC|HC^90656|17|0||1~DTM|472|20150915~CAS|CO|45|3.18~CAS|OA|23|13.82~REF|6R|1554584660Z2~SVC|HC^90471|33|0||1~DTM|472|20150915~CAS|CO|45|7.8~CAS|OA|23|25.2~REF|6R|1554584660Z3~SVC|HC^96372|29|0||1~DTM|472|20150915~CAS|CO|45|8.84~CAS|OA|23|20.16~REF|6R|1554584660Z4~AMT|B6|18.98~SVC|HC^96120|46.18|0||1~DTM|472|20150915~CAS|CO|204|.92~CAS|OA|23|45.26~REF|6R|1554584660Z5~LQ|HE|N130~SVC|HC^95957|305.27|0||1~DTM|472|20150915~CAS|CO|45|6.11~CAS|OA|23|299.16~REF|6R|1554584660Z6~SVC|HC^95816|346.27|0||1~DTM|472|20150915~CAS|CO|45|6.93~CAS|OA|23|339.34~REF|6R|1554584660Z7~SVC|HC^95930|123.94|24.79||1~DTM|472|20150915~CAS|CO|45|1.98~CAS|OA|23|97.17~REF|6R|1554584660Z8~AMT|B6|123.94~SVC|HC^92585|130.57|0||1~DTM|472|20150915~CAS|CO|45|28.2~CAS|OA|23|102.37~REF|6R|1554584660Z9~AMT|B6|101.84~SVC|HC^99090|0|0||1~DTM|472|20150915~REF|6R|1554584660Z10~LQ|HE|N130~SVC|HC^93040|12.23|0||1~DTM|472|20150915~CAS|CO|45|.24~CAS|OA|23|11.99~REF|6R|1554584660Z11~SE|149|0001~ST|835|0002~BPR|I|46.73|C|ACH|CCP|01|092904554|DA|150097034071|1201494502||01|111000025|DA|488038453432|20151007~TRN|1|EFT2865169|1201494502~REF|EV|FIS123456789~REF|F2|TXMC QNXT~DTM|405|20151005~N1|PR|MOLINA HEALTHCARE OF TEXAS, INC~N3|2505 N. STATE HIGHWAY 360|STE 300~N4|GRAND PRAIRIE|TX|75050~N1|PE|DFW PRIMARY CARE PLLC|XX|1063835361~N3|2925 SKYWAY CICLE NORTH~N4|IRVING|TX|750383510~REF|TJ|464596718~LX|1~CLP|3915-3898|1|130|46.73||MC|15275913010~NM1|QC|1|KINNEY|KAREN|L|||MI|512372992~NM1|82|1|KETHA|SUMANA||||XX|1962447805~REF|CE|TQMBPL6979~DTM|232|20150824~DTM|233|20150824~DTM|050|20151002~AMT|AU|130~SVC|HC^99214|130|46.73||1~DTM|472|20150824~CAS|CO|45|83.27~REF|6R|1567847437Z1~AMT|B6|46.73~SE|28|0002~GE|2|1426~IEA|1|000001431~