ISA|00|          |00|          |ZZ|ZIRMED         |29|E12705         |150224|0550|U|00401|000000641|0|P|^~GS|HP|ZIRMED|E12705|20150224|0550|636|X|004010X091A1~ST|835|0001~BPR|H|0|C|NON||||||||||||20150224~TRN|1|458777979|1205296137~REF|EV|E12705~DTM|405|20150223~N1|PR|NOVITAS SOLUTIONS, INC.~N3|PO BOX 3110~N4|MECHANICSBURG|PA|170551826~REF|2U|04412~PER|CX||TE|8552528782~N1|PE|DFW GERIATRICS PLLC|XX|1063835361~N3|2925 SKYWAY CIRCLE NORTH~N4|IRVING|TX|750383510~REF|TJ|464596718~LX|1~CLP|323-2356|4|79|0||MB|2815051847230|32|1~NM1|QC|1|RUFUS|CHATMAN||||HN|455860013A~NM1|82|1||||||XX|1962447805~MOA|||MA130|MA61~DTM|050|20150220~SVC|HC^99308|79|0||||1~DTM|472|20141203~CAS|CO|140|79~REF|LU|32~REF|6R|1378285723Z1~LQ|HE|MA130~LQ|HE|MA61~CLP|297-2330|1|104|0|104|MB|2815051847370|32|1~NM1|QC|1|HARVEY|DENTON||||HN|451549102A~NM1|82|1||||||XX|1962447805~MOA|||MA01~DTM|050|20150220~SVC|HC^99309|104|0||||1~DTM|472|20141208~CAS|PR|26|104~REF|LU|32~REF|6R|1378304422Z1~CLP|354-1997|4|104|0||MB|2815051259370|32|1~NM1|QC|1|BENNIE|JACKSON||||HN|453962694A~NM1|82|1||||||XX|1962447805~MOA|||MA130|MA61~DTM|050|20150220~SVC|HC^99309|104|0||||1~DTM|472|20140929~CAS|CO|140|104~REF|LU|32~REF|6R|1377912081Z1~LQ|HE|MA130~LQ|HE|MA61~CLP|357-2327|4|79|0||MB|2815051847210|32|1~NM1|QC|1|ODESSA|RUTHERFOR||||HN|454382530A~NM1|82|1||||||XX|1962447805~MOA|||MA130|MA61~DTM|050|20150220~SVC|HC^99308|79|0||||1~DTM|472|20141103~CAS|CO|140|79~REF|LU|32~REF|6R|1378280901Z1~LQ|HE|MA130~LQ|HE|MA61~CLP|357-2364|4|79|0||MB|2815051847300|32|1~NM1|QC|1|ODESSA|RUTHERFOR||||HN|454382530A~NM1|82|1||||||XX|1962447805~MOA|||MA130|MA61~DTM|050|20150220~SVC|HC^99308|79|0||||1~DTM|472|20141203~CAS|CO|140|79~REF|LU|32~REF|6R|1378285731Z1~LQ|HE|MA130~LQ|HE|MA61~CLP|371-2402|4|104|0||MB|2815051847130|31|1~NM1|QC|1|MERRIE|STEVENS|G|||HN|449068942A~NM1|82|1||||||XX|1962447805~MOA|||MA130|MA61~DTM|050|20150220~SVC|HC^99309|104|0||||1~DTM|472|20150129~CAS|CO|140|104~REF|LU|31~REF|6R|1378249865Z1~LQ|HE|MA130~LQ|HE|MA61~CLP|371-2403|4|79|0||MB|2815051847150|31|1~NM1|QC|1|MERRIE|STEVENS|G|||HN|449068942A~NM1|82|1||||||XX|1962447805~MOA|||MA130|MA61~DTM|050|20150220~SVC|HC^99308|79|0||||1~DTM|472|20150203~CAS|CO|140|79~REF|LU|31~REF|6R|1378268910Z1~LQ|HE|MA130~LQ|HE|MA61~SE|98|0001~ST|835|0002~BPR|I|3262.17|C|ACH|CCP|01|081517693|DA|152302017594|1205296137||01|111000025|DA|488038453432|20150224~TRN|1|889656577|1205296137~REF|EV|E12705~DTM|405|20150223~N1|PR|NOVITAS SOLUTIONS, INC.~N3|PO BOX 3110~N4|MECHANICSBURG|PA|170551826~REF|2U|04412~PER|CX||TE|8552528782~N1|PE|DFW GERIATRICS PLLC|XX|1063835361~N3|2925 SKYWAY CIRCLE NORTH~N4|IRVING|TX|750383510~REF|TJ|464596718~LX|1~CLP|2-1867|19|104|68.25|17.41|MB|2815041738490|32|1~NM1|QC|1|ADKISON|SHELIA||||HN|465116244A~NM1|82|1||||||XX|1962447805~NM1|TT|2|TX HEALTH & HUMAN SERVICES COMMI|||||PI|70051~MOA|||MA01|MA07~DTM|050|20150210~SVC|HC^99309|104|68.25||1~DTM|472|20140811~CAS|CO|45|16.95||253|1.39~CAS|PR|2|17.41~REF|LU|32~REF|6R|1369976982Z1~AMT|B6|87.05~CLP|270-1851|19|104|68.25|17.41|MB|2815041738130|31|1~NM1|QC|1|AMEZCUA|MARTHA||||HN|353488101D~NM1|82|1||||||XX|1962447805~NM1|TT|2|TX HEALTH & HUMAN SERVICES COMMI|||||PI|70051~MOA|||MA01|MA07~DTM|050|20150210~SVC|HC^99309|104|68.25||1~DTM|472|20141106~CAS|CO|45|16.95||253|1.39~CAS|PR|2|17.41~REF|LU|31~REF|6R|1369914189Z1~AMT|B6|87.05~CLP|212-2155|19|104|68.25|17.41|MB|2815041457010|31|1~NM1|QC|1|AYRES|VIRGINIA|W|||HN|463180456D~NM1|82|1||||||XX|1962447805~NM1|TT|2|UNITEDHEALTH GROUP|||||PI|30002~MOA|||MA01|MA18~DTM|050|20150210~SVC|HC^99309^GW|104|68.25||1~DTM|472|20141119~CAS|CO|45|16.95||253|1.39~CAS|PR|2|17.41~REF|LU|31~REF|6R|1369562745Z1~AMT|B6|87.05~CLP|279-1595|1|70|40.79|10.4|MB|2815041738120|33|1~NM1|QC|1|BANNER|JOSEPHINE|M|||HN|575283550A~NM1|82|1||||||XX|1952303547~MOA|||MA01~DTM|050|20150210~SVC|HC^99334|70|40.79||1~DTM|472|20141112~CAS|CO|45|17.98||253|.83~CAS|PR|2|10.4~REF|LU|33~REF|6R|1369914188Z1~AMT|B6|52.02~CLP|278-1407|19|104|61.06|15.58|MB|2815041738100|31|1~NM1|QC|1|BARNETT|WALTER|L|||HN|458342969A~NM1|82|1||||||XX|1952303547~NM1|TT|2|SIERRA HEALTH & LIFE INSURANCE C|||||PI|30096~MOA|||MA01|MA18~DTM|050|20150210~SVC|HC^99309|104|61.06||1~DTM|472|20141110~CAS|CO|45|26.11||253|1.25~CAS|PR|2|15.58~REF|LU|31~REF|6R|1369914186Z1~AMT|B6|77.89~CLP|257-1999|19|155|90.82|23.17|MB|2815041738440|31|1~NM1|QC|1|BOOTH|BENNIE|B|||HN|458560309D~NM1|82|1||||||XX|1952303547~NM1|TT|2|NORTH AMERICAN INSURANCE COMPANY|||||PI|30155~MOA|||MA01|MA18~DTM|050|20150210~SVC|HC^99310|155|90.82||1~DTM|472|20140922~CAS|CO|45|39.16||253|1.85~CAS|PR|2|23.17~REF|LU|31~REF|6R|1369957138Z1~AMT|B6|115.84~CLP|271-2001|19|104|68.25|17.41|MB|2815041738290|31|1~NM1|QC|1|BOYD|BETTYE|N|||HN|465347194A~NM1|82|1||||||XX|1962447805~NM1|TT|2|UNITEDHEALTHCARE|||||PI|00082~MOA|||MA01|MA18|N89~DTM|050|20150210~SVC|HC^99309|104|68.25||1~DTM|472|20141016~CAS|CO|45|16.95||253|1.39~CAS|PR|2|17.41~REF|LU|31~REF|6R|1369941708Z1~AMT|B6|87.05~CLP|268-1153|19|70|45.58|11.63|MB|2815041738210|33|1~NM1|QC|1|BRACKEN|WILLIAM||||HN|466268214A~NM1|82|1||||||XX|1962447805~NM1|TT|2|TX HEALTH & HUMAN SERVICES COMMI|||||PI|70051~MOA|||MA01|MA07~DTM|050|20150210~SVC|HC^99334|70|45.58||1~DTM|472|20141022~CAS|CO|45|11.86||253|.93~CAS|PR|2|11.63~REF|LU|33~REF|6R|1369941700Z1~AMT|B6|58.14~CLP|139-1597|19|222|145.08|37.01|MB|2815041738240|33|1~NM1|QC|1|BUTNER|JOANN||||HN|457565807A~NM1|82|1||||||XX|1962447805~NM1|TT|2|HCSC-BCBS OF TX-FEP B ONLY|||||PI|80012~MOA|||MA01|MA18~DTM|050|20150210~SVC|HC^99337|222|145.08||1~DTM|472|20141013~CAS|CO|45|36.95||253|2.96~CAS|PR|2|37.01~REF|LU|33~REF|6R|1369941703Z1~AMT|B6|185.05~CLP|367-2153|1|193|126.15|32.18|MB|2815041457020|31|1~NM1|QC|1|COLEMAN|THELMA||||HN|451072809A~NM1|82|1||||||XX|1962447805~MOA|||MA01~DTM|050|20150210~SVC|HC^99306|193|126.15||1~DTM|472|20141119~CAS|CO|45|32.1||253|2.57~CAS|PR|2|32.18~REF|LU|31~REF|6R|1369562789Z1~AMT|B6|160.9~CLP|256-1585|19|104|68.25|17.41|MB|2815041738110|31|1~NM1|QC|1|CURRRINGTON|JOAN||||HN|290268899D2~NM1|82|1||||||XX|1962447805~NM1|TT|2|UNITEDHEALTH GROUP|||||PI|30002~MOA|||MA01|MA27|MA18~DTM|050|20150210~SVC|HC^99309|104|68.25||1~DTM|472|20141106~CAS|CO|45|16.95||253|1.39~CAS|PR|2|17.41~REF|LU|31~REF|6R|1369914187Z1~AMT|B6|87.05~CLP|337-1800|1|104|68.59|17.5|MB|2815041457030|31|1~NM1|QC|1|DUGIN|KENNETH|F|||HN|429584270A~NM1|82|1||||||XX|1962447805~MOA|||MA01|MA27~DTM|050|20150210~SVC|HC^99309|104|68.59||1~DTM|472|20150101~CAS|CO|45|16.51||253|1.4~CAS|PR|2|17.5~REF|LU|31~REF|6R|1369563015Z1~AMT|B6|87.49~CLP|337-2211|1|51|30.05|7.67|MB|2815041457040|31|1~NM1|QC|1|DUGIN|KENNETH|F|||HN|429584270A~NM1|82|1||||||XX|1952303547~MOA|||MA01|MA27~DTM|050|20150210~SVC|HC^99307|51|30.05||1~DTM|472|20141230~CAS|CO|45|12.67||253|.61~CAS|PR|2|7.67~REF|LU|31~REF|6R|1369566555Z1~AMT|B6|38.33~CLP|249-2212|19|226|69.17|17.64|MB|2815041738510|21|1~NM1|QC|1|GERMAN|RITA||||HN|643363800M~NM1|82|1||||||XX|1962447805~NM1|TT|2|TX HEALTH & HUMAN SERVICES COMMI|||||PI|70051~MOA|||MA01|MA07~DTM|050|20150210~SVC|HC^99233^25|120|0||||1~DTM|472|20140824~CAS|CO|151|120~REF|LU|21~REF|6R|1369976984Z1~LQ|HE|N362~SVC|HC^99356|106|69.17||1~DTM|472|20140824~CAS|CO|45|17.78||253|1.41~CAS|PR|2|17.64~REF|LU|21~REF|6R|1369976984Z2~AMT|B6|88.22~CLP|73-1584|19|104|68.25|17.41|MB|2815041738230|31|1~NM1|QC|1|HAILEY|JANNIE||||HN|450869169A~NM1|82|1||||||XX|1962447805~NM1|TT|2|TX HEALTH & HUMAN SERVICES COMMI|||||PI|70051~MOA|||MA01|MA07~DTM|050|20150210~SVC|HC^99309|104|68.25||1~DTM|472|20141007~CAS|CO|45|16.95||253|1.39~CAS|PR|2|17.41~REF|LU|31~REF|6R|1369941702Z1~AMT|B6|87.05~CLP|190-934|1|84|55|14.03|MB|2815041738200|31|1~NM1|QC|1|HAWLEY|GARY|W|||HN|528029327A~NM1|82|1||||||XX|1962447805~MOA|||MA01~DTM|050|20150210~SVC|HC^99315|84|55||1~DTM|472|20141018~CAS|CO|45|13.85||253|1.12~CAS|PR|2|14.03~REF|LU|31~REF|6R|1369941699Z1~AMT|B6|70.15~CLP|207-1587|19|222|145.08|37.01|MB|2815041738360|33|1~NM1|QC|1|JOHNSON|ROSEMARY|R|||HN|462149741A~NM1|82|1||||||XX|1962447805~NM1|TT|2|UNITEDHEALTH GROUP|||||PI|30002~MOA|||MA01|MA18~DTM|050|20150210~SVC|HC^99337|222|145.08||1~DTM|472|20140924~CAS|CO|45|36.95||253|2.96~CAS|PR|2|37.01~REF|LU|33~REF|6R|1369957129Z1~AMT|B6|185.05~CLP|144-1976|19|79|51.8|13.21|MB|2815041738250|32|1~NM1|QC|1|JONES|FRANCES|C|||HN|254282932D6~NM1|82|1||||||XX|1962447805~NM1|TT|2|UNITEDHEALTH GROUP|||||PI|30002~MOA|||MA01|MA18~DTM|050|20150210~SVC|HC^99308|79|51.8||1~DTM|472|20141023~CAS|CO|45|12.93||253|1.06~CAS|PR|2|13.21~REF|LU|32~REF|6R|1369941704Z1~AMT|B6|66.07~CLP|353-1996|19|104|68.25|17.41|MB|2815041738270|32|1~NM1|QC|1|JONES|SAMMIE||||HN|587246165A~NM1|82|1||||||XX|1962447805~NM1|TT|2|TX HEALTH & HUMAN SERVICES COMMI|||||PI|70051~MOA|||MA01|MA27|MA07~DTM|050|20150210~SVC|HC^99309|104|68.25||1~DTM|472|20141006~CAS|CO|45|16.95||253|1.39~CAS|PR|2|17.41~REF|LU|32~REF|6R|1369941706Z1~AMT|B6|87.05~CLP|21-935|19|84|55|14.03|MB|2815041738300|31|1~NM1|QC|1|MEDINA|ROBERT||||HN|456681659A~NM1|82|1||||||XX|1962447805~NM1|TT|2|UNITEDHEALTH GROUP|||||PI|30002~MOA|||MA01|MA18~DTM|050|20150210~SVC|HC^99315|84|55||1~DTM|472|20140925~CAS|CO|45|13.85||253|1.12~CAS|PR|2|14.03~REF|LU|31~REF|6R|1369957123Z1~AMT|B6|70.15~CLP|281-1423|1|104|68.25|17.41|MB|2815041738470|32|1~NM1|QC|1|MILLER|SAMUEL|L|||HN|450363530C2~NM1|82|1||||||XX|1962447805~MOA|||MA01~DTM|050|20150210~SVC|HC^99309|104|68.25||1~DTM|472|20140813~CAS|CO|45|16.95||253|1.39~CAS|PR|2|17.41~REF|LU|32~REF|6R|1369976980Z1~AMT|B6|87.05~CLP|281-1412|1|104|68.25|17.41|MB|2815041738550|31|1~NM1|QC|1|MILLER|SAMUEL|L|||HN|450363530C2~NM1|82|1||||||XX|1962447805~MOA|||MA01~DTM|050|20150210~SVC|HC^99309|104|68.25||1~DTM|472|20140722~CAS|CO|45|16.95||253|1.39~CAS|PR|2|17.41~REF|LU|31~REF|6R|1369986202Z1~AMT|B6|87.05~CLP|214-1379|19|79|51.8|13.21|MB|2815041738080|31|1~NM1|QC|1|MILLER|WILLIAM|C|||HN|458344463A~NM1|82|1||||||XX|1962447805~NM1|TT|2|AETNA, INC.|||||PI|00060~MOA|||MA01|MA18~DTM|050|20150210~SVC|HC^99308|79|51.8||1~DTM|472|20141113~CAS|CO|45|12.93||253|1.06~CAS|PR|2|13.21~REF|LU|31~REF|6R|1369914184Z1~AMT|B6|66.07~CLP|214-1590|19|104|68.25|17.41|MB|2815041738370|31|1~NM1|QC|1|MILLER|WILLIAM|C|||HN|458344463A~NM1|82|1||||||XX|1962447805~NM1|TT|2|AETNA, INC.|||||PI|00060~MOA|||MA01|MA18~DTM|050|20150210~SVC|HC^99309|104|68.25||1~DTM|472|20140917~CAS|CO|45|16.95||253|1.39~CAS|PR|2|17.41~REF|LU|31~REF|6R|1369957130Z1~AMT|B6|87.05~CLP|253-1989|19|109|63.87|16.29|MB|2815041738160|33|1~NM1|QC|1|MIXON|MARION||||HN|418423701A~NM1|82|1||||||XX|1952303547~NM1|TT|2|TX HEALTH & HUMAN SERVICES COMMI|||||PI|70051~MOA|||MA01|MA07~DTM|050|20150210~SVC|HC^99335|109|63.87||1~DTM|472|20141113~CAS|CO|45|27.54||253|1.3~CAS|PR|2|16.29~REF|LU|33~REF|6R|1369914192Z1~AMT|B6|81.46~CLP|228-1170|19|104|68.25|17.41|MB|2815041738310|31|1~NM1|QC|1|MORA|GLEN||||HN|461400603A~NM1|82|1||||||XX|1962447805~NM1|TT|2|UNITEDHEALTH GROUP|||||PI|30002~MOA|||MA01|MA18~DTM|050|20150210~SVC|HC^99309|104|68.25||1~DTM|472|20140925~CAS|CO|45|16.95||253|1.39~CAS|PR|2|17.41~REF|LU|31~REF|6R|1369957124Z1~AMT|B6|87.05~CLP|228-1411|19|104|68.25|17.41|MB|2815041738320|31|1~NM1|QC|1|MORA|GLEN||||HN|461400603A~NM1|82|1||||||XX|1962447805~NM1|TT|2|UNITEDHEALTH GROUP|||||PI|30002~MOA|||MA01|MA18~DTM|050|20150210~SVC|HC^99309|104|68.25||1~DTM|472|20140929~CAS|CO|45|16.95||253|1.39~CAS|PR|2|17.41~REF|LU|31~REF|6R|1369957125Z1~AMT|B6|87.05~CLP|231-1205|19|104|68.25|17.41|MB|2815041738060|31|1~NM1|QC|1|NGUYEN|BEIN|D|||HN|638323190A~NM1|82|1||||||XX|1962447805~NM1|TT|2|TX HEALTH & HUMAN SERVICES COMMI|||||PI|70051~MOA|||MA01|MA07~DTM|050|20150210~SVC|HC^99309|104|68.25||1~DTM|472|20141106~CAS|CO|45|16.95||253|1.39~CAS|PR|2|17.41~REF|LU|31~REF|6R|1369914182Z1~AMT|B6|87.05~CLP|231-1457|19|104|61.06|15.58|MB|2815041738340|31|1~NM1|QC|1|NGUYEN|BEIN|D|||HN|638323190A~NM1|82|1||||||XX|1952303547~NM1|TT|2|TX HEALTH & HUMAN SERVICES COMMI|||||PI|70051~MOA|||MA01|MA07~DTM|050|20150210~SVC|HC^99309|104|61.06||1~DTM|472|20140929~CAS|CO|45|26.11||253|1.25~CAS|PR|2|15.58~REF|LU|31~REF|6R|1369957127Z1~AMT|B6|77.89~CLP|180-1993|19|109|71.38|18.21|MB|2815041738260|33|1~NM1|QC|1|OROZCO|SUSIE|S|||HN|456100250D~NM1|82|1||||||XX|1962447805~NM1|TT|2|TX HEALTH & HUMAN SERVICES COMMI|||||PI|70051~MOA|||MA01|MA07~DTM|050|20150210~SVC|HC^99335|109|71.38||1~DTM|472|20141016~CAS|CO|45|17.95||253|1.46~CAS|PR|2|18.21~REF|LU|33~REF|6R|1369941705Z1~AMT|B6|91.05~CLP|225-1427|19|104|68.25|17.41|MB|2815041738330|32|1~NM1|QC|1|RODRIGUEZ|GONZALO||||HN|463284009A~NM1|82|1||||||XX|1962447805~NM1|TT|2|TX HEALTH & HUMAN SERVICES COMMI|||||PI|70051~MOA|||MA01|MA07~DTM|050|20150210~SVC|HC^99309|104|68.25||1~DTM|472|20140922~CAS|CO|45|16.95||253|1.39~CAS|PR|2|17.41~REF|LU|32~REF|6R|1369957126Z1~AMT|B6|87.05~CLP|225-1842|19|104|68.25|17.41|MB|2815041738480|32|1~NM1|QC|1|RODRIGUEZ|GONZALO||||HN|463284009A~NM1|82|1||||||XX|1962447805~NM1|TT|2|TX HEALTH & HUMAN SERVICES COMMI|||||PI|70051~MOA|||MA01|MA07~DTM|050|20150210~SVC|HC^99309|104|68.25||1~DTM|472|20140825~CAS|CO|45|16.95||253|1.39~CAS|PR|2|17.41~REF|LU|32~REF|6R|1369976981Z1~AMT|B6|87.05~CLP|292-1990|19|104|68.25|17.41|MB|2815041738390|31|1~NM1|QC|1|RUIZ|NORA||||HN|453383522A~NM1|82|1||||||XX|1962447805~NM1|TT|2|NORTH AMERICAN INSURANCE COMPANY|||||PI|30155~MOA|||MA01|MA18~DTM|050|20150210~SVC|HC^99309|104|68.25||1~DTM|472|20140925~CAS|CO|45|16.95||253|1.39~CAS|PR|2|17.41~REF|LU|31~REF|6R|1369957132Z1~AMT|B6|87.05~CLP|292-1995|19|104|61.06|15.58|MB|2815041738420|31|1~NM1|QC|1|RUIZ|NORA||||HN|453383522A~NM1|82|1||||||XX|1952303547~NM1|TT|2|NORTH AMERICAN INSURANCE COMPANY|||||PI|30155~MOA|||MA01|MA18~DTM|050|20150210~SVC|HC^99309|104|61.06||1~DTM|472|20140929~CAS|CO|45|26.11||253|1.25~CAS|PR|2|15.58~REF|LU|31~REF|6R|1369957135Z1~AMT|B6|77.89~CLP|201-1458|19|104|61.06|15.58|MB|2815041738350|31|1~NM1|QC|1|SANCHEZ|KATHRYN|D|||HN|452825891A~NM1|82|1||||||XX|1952303547~NM1|TT|2|MUTUAL OF OMAHA INSURANCE COMP|||||PI|30090~MOA|||MA01|MA18~DTM|050|20150210~SVC|HC^99309|104|61.06||1~DTM|472|20140929~CAS|CO|45|26.11||253|1.25~CAS|PR|2|15.58~REF|LU|31~REF|6R|1369957128Z1~AMT|B6|77.89~CLP|201-1991|19|79|51.8|13.21|MB|2815041738410|31|1~NM1|QC|1|SANCHEZ|KATHRYN|D|||HN|452825891A~NM1|82|1||||||XX|1962447805~NM1|TT|2|MUTUAL OF OMAHA INSURANCE COMP|||||PI|30090~MOA|||MA01|MA18~DTM|050|20150210~SVC|HC^99308|79|51.8||1~DTM|472|20140925~CAS|CO|45|12.93||253|1.06~CAS|PR|2|13.21~REF|LU|31~REF|6R|1369957134Z1~AMT|B6|66.07~CLP|280-1201|1|104|68.25|17.41|MB|2815041738050|31|1~NM1|QC|1|SANDERS|PEGGY||||HN|412622112A~NM1|82|1||||||XX|1962447805~MOA|||MA01~DTM|050|20150210~SVC|HC^99309|104|68.25||1~DTM|472|20141106~CAS|CO|45|16.95||253|1.39~CAS|PR|2|17.41~REF|LU|31~REF|6R|1369914181Z1~AMT|B6|87.05~CLP|33-1977|19|51|33.58|8.57|MB|2815041738400|32|1~NM1|QC|1|SAVANNAH|BILLY||||HN|439621087A~NM1|82|1||||||XX|1962447805~NM1|TT|2|TX HEALTH & HUMAN SERVICES COMMI|||||PI|70051~MOA|||MA01|MA07~DTM|050|20150210~SVC|HC^99307|51|33.58||1~DTM|472|20140929~CAS|CO|45|8.16||253|.69~CAS|PR|2|8.57~REF|LU|32~REF|6R|1369957133Z1~AMT|B6|42.84~CLP|242-829|19|104|68.25|17.41|MB|2815041738530|31|1~NM1|QC|1|SHARP|GEORGE||||HN|221240190A~NM1|82|1||||||XX|1962447805~NM1|TT|2|TX HEALTH & HUMAN SERVICES COMMI|||||PI|70051~MOA|||MA01|MA07~DTM|050|20150210~SVC|HC^99309|104|68.25||1~DTM|472|20140722~CAS|CO|45|16.95||253|1.39~CAS|PR|2|17.41~REF|LU|31~REF|6R|1369986197Z1~AMT|B6|87.05~CLP|240-1123|19|104|68.25|17.41|MB|2815041738460|32|1~NM1|QC|1|STREETER|ANNA||||HN|467387437A~NM1|82|1||||||XX|1962447805~NM1|TT|2|HIGHMARK INC|||||PI|00030~MOA|||MA01|MA18~DTM|050|20150210~SVC|HC^99309|104|68.25||1~DTM|472|20140813~CAS|CO|45|16.95||253|1.39~CAS|PR|2|17.41~REF|LU|32~REF|6R|1369976979Z1~AMT|B6|87.05~CLP|240-821|19|193|126.15|32.18|MB|2815041738520|32|1~NM1|QC|1|STREETER|ANNA||||HN|467387437A~NM1|82|1||||||XX|1962447805~NM1|TT|2|HIGHMARK INC|||||PI|00030~MOA|||MA01|MA18~DTM|050|20150210~SVC|HC^99306|193|126.15||1~DTM|472|20140716~CAS|CO|45|32.1||253|2.57~CAS|PR|2|32.18~REF|LU|32~REF|6R|1369986196Z1~AMT|B6|160.9~CLP|240-844|19|104|68.25|17.41|MB|2815041738540|31|1~NM1|QC|1|STREETER|ANNA||||HN|467387437A~NM1|82|1||||||XX|1962447805~NM1|TT|2|HIGHMARK INC|||||PI|00030~MOA|||MA01|MA18~DTM|050|20150210~SVC|HC^99309|104|68.25||1~DTM|472|20140722~CAS|CO|45|16.95||253|1.39~CAS|PR|2|17.41~REF|LU|31~REF|6R|1369986200Z1~AMT|B6|87.05~CLP|365-2133|19|104|68.25|17.41|MB|2815041457050|32|1~NM1|QC|1|TAYLOR|AUDREY||||HN|450967533A~NM1|82|1||||||XX|1962447805~NM1|TT|2|TX HEALTH & HUMAN SERVICES COMMI|||||PI|70051~MOA|||MA01|MA07~DTM|050|20150210~SVC|HC^99309|104|68.25||1~DTM|472|20141230~CAS|CO|45|16.95||253|1.39~CAS|PR|2|17.41~REF|LU|32~REF|6R|1369568082Z1~AMT|B6|87.05~CLP|276-1992|19|193|126.15|32.18|MB|2815041738170|31|1~NM1|QC|1|TAYLOR|REBECCA||||HN|466747334A~NM1|82|1||||||XX|1962447805~NM1|TT|2|HCSC-BCBS OF IL,OTHER B ONLY|||||PI|00041~MOA|||MA01|MA18~DTM|050|20150210~SVC|HC^99306|193|126.15||1~DTM|472|20141108~CAS|CO|45|32.1||253|2.57~CAS|PR|2|32.18~REF|LU|31~REF|6R|1369914193Z1~AMT|B6|160.9~CLP|274-2000|19|104|68.25|17.41|MB|2815041738280|31|1~NM1|QC|1|VINSON|BOLEKA|M|||HN|643580877T~NM1|82|1||||||XX|1962447805~NM1|TT|2|TX HEALTH & HUMAN SERVICES COMMI|||||PI|70051~MOA|||MA01|MA07~DTM|050|20150210~SVC|HC^99309|104|68.25||1~DTM|472|20141009~CAS|CO|45|16.95||253|1.39~CAS|PR|2|17.41~REF|LU|31~REF|6R|1369941707Z1~AMT|B6|87.05~CLP|67-2124|19|104|68.59|17.5|MB|2815041457060|32|1~NM1|QC|1|WORDLAW|LISA||||HN|452279395A~NM1|82|1||||||XX|1962447805~NM1|TT|2|TX HEALTH & HUMAN SERVICES COMMI|||||PI|70051~MOA|||MA01|MA07~DTM|050|20150210~SVC|HC^99309|104|68.59||1~DTM|472|20150121~CAS|CO|45|16.51||253|1.4~CAS|PR|2|17.5~REF|LU|32~REF|6R|1369569582Z1~AMT|B6|87.49~SE|612|0002~GE|2|636~IEA|1|000000641~