ISA|00|          |00|          |ZZ|ZIRMED         |29|E12705         |150203|0835|U|00401|000000533|0|P|^~GS|HP|ZIRMED|E12705|20150203|0835|528|X|004010X091A1~ST|835|0001~BPR|H|0|C|NON||||||||||||20150203~TRN|1|458646358|1205296137~REF|EV|E12705~DTM|405|20150202~N1|PR|NOVITAS SOLUTIONS, INC.~N3|PO BOX 3110~N4|MECHANICSBURG|PA|170551826~REF|2U|04412~PER|CX||TE|8552528782~N1|PE|DFW GERIATRICS PLLC|XX|1063835361~N3|2925 SKYWAY CIRCLE NORTH~N4|IRVING|TX|750383510~REF|TJ|464596718~LX|1~CLP|306-1615|4|130|0||MB|2815030383400|11|1~NM1|QC|1|MURDOCK|SAMMI||||HN|457565807A~NM1|82|1||||||XX|1679978068~MOA|||MA130|MA61~DTM|050|20150130~SVC|HC^99214|130|0||||1~DTM|472|20141208~CAS|CO|140|130~REF|LU|11~REF|6R|1359056221Z1~LQ|HE|MA130~LQ|HE|MA61~CLP|38-1752|1|104|0||MB|2815013814850|32|1~NM1|QC|1|SMITH|IVORY|D|||HN|466683089A~NM1|82|1||||||XX|1962447805~MOA|||MA01~DTM|050|20150113~SVC|HC^99309|104|0||||1~DTM|472|20140811~CAS|CO|B9|104~REF|LU|32~REF|6R|1344340171Z1~LQ|HE|N90~SE|39|0001~ST|835|0002~BPR|I|4572.67|C|ACH|CCP|01|081517693|DA|152302017594|1205296137||01|111000025|DA|488038453432|20150203~TRN|1|889514033|1205296137~REF|EV|E12705~DTM|405|20150202~N1|PR|NOVITAS SOLUTIONS, INC.~N3|PO BOX 3110~N4|MECHANICSBURG|PA|170551826~REF|2U|04412~PER|CX||TE|8552528782~N1|PE|DFW GERIATRICS PLLC|XX|1063835361~N3|2925 SKYWAY CIRCLE NORTH~N4|IRVING|TX|750383510~REF|TJ|464596718~LX|1~CLP|326-1690|19|104|61.06|15.58|MB|2815020799010|31|1~NM1|QC|1|ALARCON|LIRA||||HN|137500513D~NM1|82|1||||||XX|1952303547~NM1|TT|2|TX HEALTH & HUMAN SERVICES COMMI|||||PI|70051~MOA|||MA01|MA07~DTM|050|20150120~SVC|HC^99309|104|61.06||1~DTM|472|20141230~CAS|CO|45|26.11||253|1.25~CAS|PR|2|15.58~REF|LU|31~REF|6R|1349233750Z1~AMT|B6|77.89~CLP|278-1692|19|104|61.06|15.58|MB|2815020799040|31|1~NM1|QC|1|BARNETT|WALTER|L|||HN|458342969A~NM1|82|1||||||XX|1952303547~NM1|TT|2|SIERRA HEALTH & LIFE INSURANCE C|||||PI|30096~MOA|||MA01|MA18~DTM|050|20150120~SVC|HC^99309|104|61.06||1~DTM|472|20141230~CAS|CO|45|26.11||253|1.25~CAS|PR|2|15.58~REF|LU|31~REF|6R|1349233753Z1~AMT|B6|77.89~CLP|271-1580|19|84|55|14.03|MB|2815020799720|31|1~NM1|QC|1|BOYD|BETTYE|N|||HN|465347194A~NM1|82|1||||||XX|1962447805~NM1|TT|2|UNITEDHEALTHCARE|||||PI|00082~MOA|||MA01|MA18|N89~DTM|050|20150120~SVC|HC^99315|84|55||1~DTM|472|20141201~CAS|CO|45|13.85||253|1.12~CAS|PR|2|14.03~REF|LU|31~REF|6R|1349234515Z1~AMT|B6|70.15~CLP|296-1657|19|104|61.06|15.58|MB|2815020798960|31|1~NM1|QC|1|BRUHIN|GEROGIA||||HN|451221720A~NM1|82|1||||||XX|1952303547~NM1|TT|2|UNITEDHEALTH GROUP|||||PI|30002~MOA|||MA01|MA18~DTM|050|20150120~SVC|HC^99309|104|61.06||1~DTM|472|20141230~CAS|CO|45|26.11||253|1.25~CAS|PR|2|15.58~REF|LU|31~REF|6R|1349233745Z1~AMT|B6|77.89~CLP|139-1719|19|109|63.87|16.29|MB|2815020799110|33|1~NM1|QC|1|BUTNER|JOANN||||HN|457565807A~NM1|82|1||||||XX|1952303547~NM1|TT|2|HCSC-BCBS OF TX-FEP B ONLY|||||PI|80012~MOA|||MA01|MA18~DTM|050|20150120~SVC|HC^99335|109|63.87||1~DTM|472|20141230~CAS|CO|45|27.54||253|1.3~CAS|PR|2|16.29~REF|LU|33~REF|6R|1349233760Z1~AMT|B6|81.46~CLP|117-1659|19|222|129.81|33.11|MB|2815020798970|33|1~NM1|QC|1|CHANCE|EUGENIA||||HN|466209252D~NM1|82|1||||||XX|1952303547~NM1|TT|2|TX HEALTH & HUMAN SERVICES COMMI|||||PI|70051~MOA|||MA01|MA07~DTM|050|20150120~SVC|HC^99337|222|129.81||1~DTM|472|20141230~CAS|CO|45|56.43||253|2.65~CAS|PR|2|33.11~REF|LU|33~REF|6R|1349233746Z1~AMT|B6|165.57~CLP|324-1682|19|93|54.43|13.89|MB|2815020799000|33|1~NM1|QC|1|CHOI|YOUNG|S|||HN|188661000M~NM1|82|1||||||XX|1952303547~NM1|TT|2|TX HEALTH & HUMAN SERVICES COMMI|||||PI|70051~MOA|||MA01|MA07~DTM|050|20150120~SVC|HC^99325|93|54.43||1~DTM|472|20141230~CAS|CO|45|23.57||253|1.11~CAS|PR|2|13.89~REF|LU|33~REF|6R|1349233749Z1~AMT|B6|69.43~CLP|340-1816|19|386|112.87|28.79|MB|2815020799530|32|1~NM1|QC|1|CLOSE|JW||||HN|459866682A~NM1|82|1||||||XX|1952303547~NM1|TT|2|TX HEALTH & HUMAN SERVICES COMMI|||||PI|70051~MOA|||MA01|MA07~DTM|050|20150120~SVC|HC^99306|193|112.87||1||2~DTM|472|20141029~CAS|CO|45|49.04||253|2.3~CAS|PR|2|28.79~REF|LU|32~REF|6R|1349234481Z1~AMT|B6|143.96~SVC|HC^99306|193|0||||2~DTM|472|20141029~CAS|OA|18|193~REF|LU|32~REF|6R|1349234481Z1~LQ|HE|N522~CLP|336-1795|19|193|10.3|149.63|MB|2815020799460|31|1~NM1|QC|1|COMPTON|HELEN|F|||HN|570307026A~NM1|82|1||||||XX|1962447805~NM1|TT|2|NORTH AMERICAN INSURANCE COMPANY|||||PI|30155~MOA|||MA01|MA18~DTM|050|20150120~SVC|HC^99306|193|10.3||1~DTM|472|20150101~CAS|CO|45|32.86||253|.21~CAS|PR|1|147||2|2.63~REF|LU|31~REF|6R|1349234405Z1~AMT|B6|160.14~CLP|298-1677|1|155|90.82|23.17|MB|2815020798990|31|1~NM1|QC|1|COX|DOROTHY||||HN|451013622D~NM1|82|1||||||XX|1952303547~MOA|||MA01~DTM|050|20150120~SVC|HC^99310|155|90.82||1~DTM|472|20141230~CAS|CO|45|39.16||253|1.85~CAS|PR|2|23.17~REF|LU|31~REF|6R|1349233748Z1~AMT|B6|115.84~CLP|298-1567|1|193|126.15|32.18|MB|2815020799260|31|1~NM1|QC|1|COX|DOROTHY||||HN|451013622D~NM1|82|1||||||XX|1962447805~MOA|||MA01~DTM|050|20150120~SVC|HC^99306|193|126.15||1~DTM|472|20141224~CAS|CO|45|32.1||253|2.57~CAS|PR|2|32.18~REF|LU|31~REF|6R|1349234357Z1~AMT|B6|160.9~CLP|98-1815|19|193|112.87|28.79|MB|2815020799540|32|1~NM1|QC|1|DELUNA|DAVID||||HN|466927987A~NM1|82|1||||||XX|1952303547~NM1|TT|2|TX HEALTH & HUMAN SERVICES COMMI|||||PI|70051~MOA|||MA01|MA27|MA07~DTM|050|20150120~SVC|HC^99306|193|112.87||1~DTM|472|20141027~CAS|CO|45|49.04||253|2.3~CAS|PR|2|28.79~REF|LU|32~REF|6R|1349234482Z1~AMT|B6|143.96~CLP|251-1774|1|79|51.8|13.21|MB|2815020799180|32|1~NM1|QC|1|DURHAM|EMANUEL||||HN|454787983A~NM1|82|1||||||XX|1962447805~MOA|||MA01~DTM|050|20150120~SVC|HC^99308|79|51.8||1~DTM|472|20141230~CAS|CO|45|12.93||253|1.06~CAS|PR|2|13.21~REF|LU|32~REF|6R|1349233806Z1~AMT|B6|66.07~CLP|182-1683|19|222|129.81|33.11|MB|2815020799020|33|1~NM1|QC|1|EDWARDS|PATSY|R|||HN|455501964A~NM1|82|1||||||XX|1952303547~NM1|TT|2|NORTH AMERICAN INSURANCE COMPANY|||||PI|30155~MOA|||MA01|MA18~DTM|050|20150120~SVC|HC^99337|222|129.81||1~DTM|472|20141230~CAS|CO|45|56.43||253|2.65~CAS|PR|2|33.11~REF|LU|33~REF|6R|1349233751Z1~AMT|B6|165.57~CLP|147-1817|19|193|112.87|28.79|MB|2815020799550|32|1~NM1|QC|1|FIELDS|JOYCE||||HN|450487270A~NM1|82|1||||||XX|1952303547~NM1|TT|2|TX HEALTH & HUMAN SERVICES COMMI|||||PI|70051~MOA|||MA01|MA07~DTM|050|20150120~SVC|HC^99306|193|112.87||1~DTM|472|20141027~CAS|CO|45|49.04||253|2.3~CAS|PR|2|28.79~REF|LU|32~REF|6R|1349234483Z1~AMT|B6|143.96~CLP|331-1739|19|222|129.81|33.11|MB|2815020799290|33|1~NM1|QC|1|HINES|HELEN|R|||HN|466206425A~NM1|82|1||||||XX|1952303547~NM1|TT|2|NORTH AMERICAN INSURANCE COMPANY|||||PI|30155~MOA|||MA01|MA18~DTM|050|20150120~SVC|HC^99337|222|129.81||1~DTM|472|20141222~CAS|CO|45|56.43||253|2.65~CAS|PR|2|33.11~REF|LU|33~REF|6R|1349234360Z1~AMT|B6|165.57~CLP|53-1784|19|120|78.09|19.92|MB|2815020799220|21|1~NM1|QC|1|HOLLAND|TRUDY||||HN|465045111A~NM1|82|1||||||XX|1962447805~NM1|TT|2|TX HEALTH & HUMAN SERVICES COMMI|||||PI|70051~MOA|||MA01|MA07~DTM|050|20150120~SVC|HC^99233|120|78.09||1~DTM|472|20141229~CAS|CO|45|20.4||253|1.59~CAS|PR|2|19.92~REF|LU|21~REF|6R|1349234333Z1~AMT|B6|99.6~CLP|53-1785|19|83|54.18|13.82|MB|2815020799230|21|1~NM1|QC|1|HOLLAND|TRUDY||||HN|465045111A~NM1|82|1||||||XX|1962447805~NM1|TT|2|TX HEALTH & HUMAN SERVICES COMMI|||||PI|70051~MOA|||MA01|MA07~DTM|050|20150120~SVC|HC^99232|83|54.18||1~DTM|472|20141230~CAS|CO|45|13.89||253|1.11~CAS|PR|2|13.82~REF|LU|21~REF|6R|1349234334Z1~AMT|B6|69.11~CLP|53-1786|19|120|78.09|19.92|MB|2815020799240|21|1~NM1|QC|1|HOLLAND|TRUDY||||HN|465045111A~NM1|82|1||||||XX|1962447805~NM1|TT|2|TX HEALTH & HUMAN SERVICES COMMI|||||PI|70051~MOA|||MA01|MA07~DTM|050|20150120~SVC|HC^99233|120|78.09||1~DTM|472|20141231~CAS|CO|45|20.4||253|1.59~CAS|PR|2|19.92~REF|LU|21~REF|6R|1349234335Z1~AMT|B6|99.6~CLP|53-1783|19|120|78.09|19.92|MB|2815020799300|21|1~NM1|QC|1|HOLLAND|TRUDY||||HN|465045111A~NM1|82|1||||||XX|1962447805~NM1|TT|2|TX HEALTH & HUMAN SERVICES COMMI|||||PI|70051~MOA|||MA01|MA07~DTM|050|20150120~SVC|HC^99233|120|78.09||1~DTM|472|20141228~CAS|CO|45|20.4||253|1.59~CAS|PR|2|19.92~REF|LU|21~REF|6R|1349234367Z1~AMT|B6|99.6~CLP|53-1782|19|234|152.6|38.93|MB|2815020799320|21|1~NM1|QC|1|HOLLAND|TRUDY||||HN|465045111A~NM1|82|1||||||XX|1962447805~NM1|TT|2|TX HEALTH & HUMAN SERVICES COMMI|||||PI|70051~MOA|||MA01|MA07~DTM|050|20150120~SVC|HC^99223|234|152.6||1~DTM|472|20141227~CAS|CO|45|39.36||253|3.11~CAS|PR|2|38.93~REF|LU|21~REF|6R|1349234369Z1~AMT|B6|194.64~CLP|53-1788|19|83|17.92|51.33|MB|2815020799490|21|1~NM1|QC|1|HOLLAND|TRUDY||||HN|465045111A~NM1|82|1||||||XX|1962447805~NM1|TT|2|TX HEALTH & HUMAN SERVICES COMMI|||||PI|70051~MOA|||MA01|MA07~DTM|050|20150120~SVC|HC^99232|83|17.92||1~DTM|472|20150102~CAS|CO|45|13.38||253|.37~CAS|PR|1|46.76||2|4.57~REF|LU|21~REF|6R|1349234417Z1~AMT|B6|69.62~CLP|53-1787|19|120|78.59|20.05|MB|2815020799500|21|1~NM1|QC|1|HOLLAND|TRUDY||||HN|465045111A~NM1|82|1||||||XX|1962447805~NM1|TT|2|TX HEALTH & HUMAN SERVICES COMMI|||||PI|70051~MOA|||MA01|MA07~DTM|050|20150120~SVC|HC^99233|120|78.59||1~DTM|472|20150101~CAS|CO|45|19.76||253|1.6~CAS|PR|2|20.05~REF|LU|21~REF|6R|1349234419Z1~AMT|B6|100.24~CLP|221-1723|19|222|129.81|33.11|MB|2815020799130|33|1~NM1|QC|1|HOWARD|LORETTA|L|||HN|374343945A~NM1|82|1||||||XX|1952303547~NM1|TT|2|TX HEALTH & HUMAN SERVICES COMMI|||||PI|70051~MOA|||MA01|MA27|MA07~DTM|050|20150120~SVC|HC^99337|222|129.81||1~DTM|472|20141229~CAS|CO|45|56.43||253|2.65~CAS|PR|2|33.11~REF|LU|33~REF|6R|1349233762Z1~AMT|B6|165.57~CLP|221-1571|19|222|129.81|33.11|MB|2815020799590|33|1~NM1|QC|1|HOWARD|LORETTA|L|||HN|374343945A~NM1|82|1||||||XX|1952303547~NM1|TT|2|TX HEALTH & HUMAN SERVICES COMMI|||||PI|70051~MOA|||MA01|MA27|MA07~DTM|050|20150120~SVC|HC^99337|222|129.81||1~DTM|472|20141124~CAS|CO|45|56.43||253|2.65~CAS|PR|2|33.11~REF|LU|33~REF|6R|1349234494Z1~AMT|B6|165.57~CLP|327-1691|19|104|61.06|15.58|MB|2815020799030|31|1~NM1|QC|1|HYDE|MARY|E|||HN|441036732D~NM1|82|1||||||XX|1952303547~NM1|TT|2|WPS - TRICARE FOR LIFE|||||PI|60000~MOA|||MA01|MA18~DTM|050|20150120~SVC|HC^99309|104|61.06||1~DTM|472|20141230~CAS|CO|45|26.11||253|1.25~CAS|PR|2|15.58~REF|LU|31~REF|6R|1349233752Z1~AMT|B6|77.89~CLP|143-1556|19|193|126.15|32.18|MB|2815020799510|32|1~NM1|QC|1|JOHNSON|GEORGIA||||HN|360420759M~NM1|82|1||||||XX|1962447805~NM1|TT|2|TX HEALTH & HUMAN SERVICES COMMI|||||PI|70051~MOA|||MA01|MA07~DTM|050|20150120~SVC|HC^99306|193|126.15||1~DTM|472|20141015~CAS|CO|45|32.1||253|2.57~CAS|PR|2|32.18~REF|LU|32~REF|6R|1349234478Z1~AMT|B6|160.9~CLP|144-1721|19|222|129.81|33.11|MB|2815020799120|33|1~NM1|QC|1|JONES|FRANCES|C|||HN|254282932D6~NM1|82|1||||||XX|1952303547~NM1|TT|2|UNITEDHEALTH GROUP|||||PI|30002~MOA|||MA01|MA18~DTM|050|20150120~SVC|HC^99337|222|129.81||1~DTM|472|20141230~CAS|CO|45|56.43||253|2.65~CAS|PR|2|33.11~REF|LU|33~REF|6R|1349233761Z1~AMT|B6|165.57~CLP|273-1757|19|79|51.76|13.2|MB|2815020799400|31|1~NM1|QC|1|JONES|NORAMAN|K|||HN|720074281A~NM1|82|1||||||XX|1962447805~NM1|TT|2|BLUE CROSS OF CALIFORNIA|||||PI|00170~MOA|||MA01|MA18~DTM|050|20150120~SVC|HC^99308|79|51.76||1~DTM|472|20150102~CAS|CO|45|12.98||253|1.06~CAS|PR|2|13.2~REF|LU|31~REF|6R|1349234396Z1~AMT|B6|66.02~CLP|153-1728|19|222|129.81|33.11|MB|2815020799160|33|1~NM1|QC|1|KNIGHT|RENNIE||||HN|453423885A~NM1|82|1||||||XX|1952303547~NM1|TT|2|TX HEALTH & HUMAN SERVICES COMMI|||||PI|70051~MOA|||MA01|MA07~DTM|050|20150120~SVC|HC^99337|222|129.81||1~DTM|472|20141229~CAS|CO|45|56.43||253|2.65~CAS|PR|2|33.11~REF|LU|33~REF|6R|1349233804Z1~AMT|B6|165.57~CLP|321-1669|19|155|90.82|23.17|MB|2815020798980|31|1~NM1|QC|1|LINDAHL|BILLIE|R|||HN|461384142A~NM1|82|1||||||XX|1952303547~NM1|TT|2|BCBS OF MICHIGAN|||||PI|00055~MOA|||MA01|MA18~DTM|050|20150120~SVC|HC^99310|155|90.82||1~DTM|472|20141230~CAS|CO|45|39.16||253|1.85~CAS|PR|2|23.17~REF|LU|31~REF|6R|1349233747Z1~AMT|B6|115.84~CLP|299-1698|1|104|61.06|15.58|MB|2815020799070|31|1~NM1|QC|1|MARTINEZ|PEDRO|T|||HN|464968305A~NM1|82|1||||||XX|1952303547~MOA|||MA01~DTM|050|20150120~SVC|HC^99309|104|61.06||1~DTM|472|20141230~CAS|CO|45|26.11||253|1.25~CAS|PR|2|15.58~REF|LU|31~REF|6R|1349233756Z1~AMT|B6|77.89~CLP|299-1568|1|193|126.15|32.18|MB|2815020799270|31|1~NM1|QC|1|MARTINEZ|PEDRO|T|||HN|464968305A~NM1|82|1||||||XX|1962447805~MOA|||MA01~DTM|050|20150120~SVC|HC^99306|193|126.15||1~DTM|472|20141204~CAS|CO|45|32.1||253|2.57~CAS|PR|2|32.18~REF|LU|31~REF|6R|1349234358Z1~AMT|B6|160.9~CLP|214-1695|19|104|61.06|15.58|MB|2815020799060|31|1~NM1|QC|1|MILLER|WILLIAM|C|||HN|458344463A~NM1|82|1||||||XX|1952303547~NM1|TT|2|AETNA, INC.|||||PI|00060~MOA|||MA01|MA18~DTM|050|20150120~SVC|HC^99309|104|61.06||1~DTM|472|20141230~CAS|CO|45|26.11||253|1.25~CAS|PR|2|15.58~REF|LU|31~REF|6R|1349233755Z1~AMT|B6|77.89~CLP|262-1654|1|104|61.06|15.58|MB|2815020798950|31|1~NM1|QC|1|MIZELL|BETTY|C|||HN|456521535A~NM1|82|1||||||XX|1952303547~MOA|||MA01~DTM|050|20150120~SVC|HC^99309|104|61.06||1~DTM|472|20141230~CAS|CO|45|26.11||253|1.25~CAS|PR|2|15.58~REF|LU|31~REF|6R|1349233744Z1~AMT|B6|77.89~CLP|262-1761|1|79|51.67|13.3|MB|2815020799430|31|1~NM1|QC|1|MIZELL|BETTY|C|||HN|456521535A~NM1|82|1||||||XX|1962447805~MOA|||MA01~DTM|050|20150120~SVC|HC^99308|79|51.67||1~DTM|472|20150102~CAS|CO|45|12.98||253|1.05~CAS|PR|1|.12||2|13.18~REF|LU|31~REF|6R|1349234399Z1~AMT|B6|66.02~CLP|29-1715|19|79|51.8|13.21|MB|2815020799650|31|1~NM1|QC|1|MOFFATT|RUBY|S|||HN|511149871B~NM1|82|1||||||XX|1962447805~NM1|TT|2|NORTH AMERICAN INSURANCE COMPANY|||||PI|30155~MOA|||MA01|MA18~DTM|050|20150120~SVC|HC^99308|79|51.8||1~DTM|472|20141121~CAS|CO|45|12.93||253|1.06~CAS|PR|2|13.21~REF|LU|31~REF|6R|1349234500Z1~AMT|B6|66.07~CLP|231-1578|19|84|55|14.03|MB|2815020799700|31|1~NM1|QC|1|NGUYEN|BEIN|D|||HN|638323190A~NM1|82|1||||||XX|1962447805~NM1|TT|2|TX HEALTH & HUMAN SERVICES COMMI|||||PI|70051~MOA|||MA01|MA07~DTM|050|20150120~SVC|HC^99315|84|55||1~DTM|472|20141201~CAS|CO|45|13.85||253|1.12~CAS|PR|2|14.03~REF|LU|31~REF|6R|1349234513Z1~AMT|B6|70.15~CLP|178-1729|19|222|129.81|33.11|MB|2815020799170|33|1~NM1|QC|1|OBANNON|ADELINE||||HN|313742151A~NM1|82|1||||||XX|1952303547~NM1|TT|2|TX HEALTH & HUMAN SERVICES COMMI|||||PI|70051~MOA|||MA01|MA07~DTM|050|20150120~SVC|HC^99337|222|129.81||1~DTM|472|20141229~CAS|CO|45|56.43||253|2.65~CAS|PR|2|33.11~REF|LU|33~REF|6R|1349233805Z1~AMT|B6|165.57~CLP|178-1570|19|222|129.81|33.11|MB|2815020799580|33|1~NM1|QC|1|OBANNON|ADELINE||||HN|313742151A~NM1|82|1||||||XX|1952303547~NM1|TT|2|TX HEALTH & HUMAN SERVICES COMMI|||||PI|70051~MOA|||MA01|MA07~DTM|050|20150120~SVC|HC^99337|222|129.81||1~DTM|472|20141124~CAS|CO|45|56.43||253|2.65~CAS|PR|2|33.11~REF|LU|33~REF|6R|1349234493Z1~AMT|B6|165.57~CLP|186-1725|19|222|129.81|33.11|MB|2815020799140|33|1~NM1|QC|1|PITMAN|JERRY|R|||HN|452401970A~NM1|82|1||||||XX|1952303547~NM1|TT|2|TX HEALTH & HUMAN SERVICES COMMI|||||PI|70051~MOA|||MA01|MA07~DTM|050|20150120~SVC|HC^99337|222|129.81||1~DTM|472|20141229~CAS|CO|45|56.43||253|2.65~CAS|PR|2|33.11~REF|LU|33~REF|6R|1349233763Z1~AMT|B6|165.57~CLP|334-1764|19|104|68.25|17.41|MB|2815020799730|31|1~NM1|QC|1|ROGERS|BARBARA|F|||HN|431645718A~NM1|82|1||||||XX|1962447805~NM1|TT|2|AMERICAN CONTINENTAL INSU.|||||PI|30074~MOA|||MA01|MA18~DTM|050|20150120~SVC|HC^99309|104|68.25||1~DTM|472|20140905~CAS|CO|45|16.95||253|1.39~CAS|PR|2|17.41~REF|LU|31~REF|6R|1349234563Z1~AMT|B6|87.05~CLP|334-1766|19|79|51.8|13.21|MB|2815020799740|31|1~NM1|QC|1|ROGERS|BARBARA|F|||HN|431645718A~NM1|82|1||||||XX|1962447805~NM1|TT|2|AMERICAN CONTINENTAL INSU.|||||PI|30074~MOA|||MA01|MA18~DTM|050|20150120~SVC|HC^99308|79|51.8||1~DTM|472|20140819~CAS|CO|45|12.93||253|1.06~CAS|PR|2|13.21~REF|LU|31~REF|6R|1349234564Z1~AMT|B6|66.07~CLP|3-1717|19|109|63.87|16.29|MB|2815020799100|33|1~NM1|QC|1|ROTHSTEIN|AGATHA|R|||HN|539267482D~NM1|82|1||||||XX|1952303547~NM1|TT|2|AETNA, INC.|||||PI|00060~MOA|||MA01|MA18~DTM|050|20150120~SVC|HC^99335|109|63.87||1~DTM|472|20141230~CAS|CO|45|27.54||253|1.3~CAS|PR|2|16.29~REF|LU|33~REF|6R|1349233759Z1~AMT|B6|81.46~CLP|26-1574|19|315|183.94|46.92|MB|2815020799600|33|1~NM1|QC|1|ROWDEN|LESLIE||||HN|466689188C1~NM1|82|1||||||XX|1952303547~NM1|TT|2|TX HEALTH & HUMAN SERVICES COMMI|||||PI|70051~MOA|||MA01|MA07~DTM|050|20150120~SVC|HC^99291|315|183.94||1~DTM|472|20141121~CAS|CO|45|80.39||253|3.75~CAS|PR|2|46.92~REF|LU|33~REF|6R|1349234495Z1~AMT|B6|234.61~CLP|50-1776|19|79|51.8|13.21|MB|2815020799190|32|1~NM1|QC|1|SANDERS|TONY|R|||HN|467086770A~NM1|82|1||||||XX|1962447805~NM1|TT|2|TX HEALTH & HUMAN SERVICES COMMI|||||PI|70051~MOA|||MA01|MA07~DTM|050|20150120~SVC|HC^99308|79|51.8||1~DTM|472|20141230~CAS|CO|45|12.93||253|1.06~CAS|PR|2|13.21~REF|LU|32~REF|6R|1349233807Z1~AMT|B6|66.07~CLP|33-1581|19|51|33.58|8.57|MB|2815020799630|32|1~NM1|QC|1|SAVANNAH|BILLY||||HN|439621087A~NM1|82|1||||||XX|1962447805~NM1|TT|2|TX HEALTH & HUMAN SERVICES COMMI|||||PI|70051~MOA|||MA01|MA07~DTM|050|20150120~SVC|HC^99307|51|33.58||1~DTM|472|20141103~CAS|CO|45|8.16||253|.69~CAS|PR|2|8.57~REF|LU|32~REF|6R|1349234498Z1~AMT|B6|42.84~CLP|329-1711|19|104|61.06|15.58|MB|2815020799090|31|1~NM1|QC|1|SCHROEDER|EDNA|O|||HN|466145851D~NM1|82|1||||||XX|1952303547~NM1|TT|2|UNITEDHEALTH GROUP|||||PI|30002~MOA|||MA01|MA18~DTM|050|20150120~SVC|HC^99309|104|61.06||1~DTM|472|20141230~CAS|CO|45|26.11||253|1.25~CAS|PR|2|15.58~REF|LU|31~REF|6R|1349233758Z1~AMT|B6|77.89~CLP|329-1762|19|104|68.59|17.5|MB|2815020799440|31|1~NM1|QC|1|SCHROEDER|EDNA|O|||HN|466145851D~NM1|82|1||||||XX|1962447805~NM1|TT|2|UNITEDHEALTH GROUP|||||PI|30002~MOA|||MA01|MA18~DTM|050|20150120~SVC|HC^99309|104|68.59||1~DTM|472|20150102~CAS|CO|45|16.51||253|1.4~CAS|PR|2|17.5~REF|LU|31~REF|6R|1349234400Z1~AMT|B6|87.49~CLP|107-1700|19|222|129.81|33.11|MB|2815020799080|33|1~NM1|QC|1|SHERIDAN|EDNA|V|||HN|486241601A~NM1|82|1||||||XX|1952303547~NM1|TT|2|TX HEALTH & HUMAN SERVICES COMMI|||||PI|70051~MOA|||MA01|MA07~DTM|050|20150120~SVC|HC^99337|222|129.81||1~DTM|472|20141230~CAS|CO|45|56.43||253|2.65~CAS|PR|2|33.11~REF|LU|33~REF|6R|1349233757Z1~AMT|B6|165.57~CLP|330-1731|19|104|61.06|15.58|MB|2815020799280|31|1~NM1|QC|1|TURNER|HENRY|R|||HN|464627876A~NM1|82|1||||||XX|1952303547~NM1|TT|2|HCSC-BCBS OF TEXAS-STD A & B|||||PI|30028~MOA|||MA01|MA18~DTM|050|20150120~SVC|HC^99309|104|61.06||1~DTM|472|20141222~CAS|CO|45|26.11||253|1.25~CAS|PR|2|15.58~REF|LU|31~REF|6R|1349234359Z1~AMT|B6|77.89~CLP|54-1771|19|104|68.25|17.41|MB|2815020799680|32|1~NM1|QC|1|TYLER|MARY|L|||HN|454260356A~NM1|82|1||||||XX|1962447805~NM1|TT|2|AETNA, INC.|||||PI|00060~MOA|||MA01|MA18~DTM|050|20150120~SVC|HC^99309|104|68.25||1~DTM|472|20141104~CAS|CO|45|16.95||253|1.39~CAS|PR|2|17.41~REF|LU|32~REF|6R|1349234503Z1~AMT|B6|87.05~CLP|67-1767|19|104|68.25|17.41|MB|2815020799660|32|1~NM1|QC|1|WORDLAW|LISA||||HN|452279395A~NM1|82|1||||||XX|1962447805~NM1|TT|2|TX HEALTH & HUMAN SERVICES COMMI|||||PI|70051~MOA|||MA01|MA07~DTM|050|20150120~SVC|HC^99309|104|68.25||1~DTM|472|20141104~CAS|CO|45|16.95||253|1.39~CAS|PR|2|17.41~REF|LU|32~REF|6R|1349234501Z1~AMT|B6|87.05~CLP|284-1577|19|84|55|14.03|MB|2815020799690|31|1~NM1|QC|1|WRIGHT|ALBERT||||HN|451510217A~NM1|82|1||||||XX|1962447805~NM1|TT|2|TX HEALTH & HUMAN SERVICES COMMI|||||PI|70051~MOA|||MA01|MA07~DTM|050|20150120~SVC|HC^99315|84|55||1~DTM|472|20141201~CAS|CO|45|13.85||253|1.12~CAS|PR|2|14.03~REF|LU|31~REF|6R|1349234512Z1~AMT|B6|70.15~SE|717|0002~GE|2|528~IEA|1|000000533~