ISA|00|          |00|          |ZZ|ZIRMED         |30|611340767      |150310|0840|U|00401|000000698|0|P|^~GS|HP|ZIRMED|611340767|20150310|0840|693|X|004010X091A1~ST|835|0001~BPR|I|100.15|C|ACH|CCP|01|011900445|DA|0000009046|1066033492||01|111000025|DA|488038453432|20150313~TRN|1|815068550003155|1066033492~REF|EV|611340767~DTM|405|20150310~N1|PR|AETNA~N3|151 FARMINGTON AVENUE~N4|HARTFORD|CT|06156~N1|PE|KETHA, SUMANA|XX|1063835361~N3|2925 SKYWAY CIR N~N4|IRVING|TX|750383510~REF|PQ|762610840~REF|TJ|464596718~LX|1~TS3|1063835361|31|20151231|6|688~CLP|120-900|2|193|25.74|6.44|15|EMJLLK9XH0000|31|1~NM1|QC|1|CROWDER|EVA|B|||MI|460445627A~NM1|74|1||||||C|W051736079~NM1|82|1|KETHA|SUMANA||||XX|1063835361~REF|1L|0895980-030-00100-CI~REF|CE|TRADITIONAL CHOICE~DTM|232|20141009~DTM|233|20141009~DTM|050|20150227~PER|CX||TE|8886323862~AMT|AU|193~SVC|HC^99306|193|25.74||1~DTM|472|20141009~CAS|OA|23|160.82~CAS|PR|2|6.44~REF|6R|1370629108Z1~AMT|B6|158.33~LQ|HE|N192~CLP|214-1379|2|79|10.57|2.64|15|E6PBKV5L40000|31|1~NM1|QC|1|MILLER JR|WILLIAM|C|||MI|458344463A~NM1|74|1|MILLER||||JR|C|W081488962~NM1|82|1|KETHA|SUMANA||||XX|1063835361~REF|1L|0701224-015-00714-NB~REF|CE|TRADITIONAL CHOICE~DTM|232|20141113~DTM|233|20141113~DTM|050|20150226~PER|CX||TE|8886323862~AMT|AU|79~SVC|HC^99308|79|10.57||1~DTM|472|20141113~CAS|OA|23|65.79~CAS|PR|2|2.64~REF|6R|1369914184Z1~AMT|B6|65.01~LQ|HE|N192~CLP|214-1590|2|104|13.93|3.48|15|E6Y0KWC700000|31|1~NM1|QC|1|MILLER JR|WILLIAM|C|||MI|458344463A~NM1|74|1|MILLER||||JR|C|W081488962~NM1|82|1|KETHA|SUMANA||||XX|1063835361~REF|1L|0701224-015-00714-NB~REF|CE|TRADITIONAL CHOICE~DTM|232|20140917~DTM|233|20140917~DTM|050|20150226~PER|CX||TE|8886323862~AMT|AU|104~SVC|HC^99309|104|13.93||1~DTM|472|20140917~CAS|OA|23|86.59~CAS|PR|2|3.48~REF|6R|1369957130Z1~AMT|B6|85.66~LQ|HE|N192~CLP|214-1548|2|104|12.46|3.12|15|PFFBK71HN0000|31|1~NM1|QC|1|MILLER JR|WILLIAM|C|||MI|458344463A~NM1|74|1|MILLER||||JR|C|W081488962~NM1|82|1|KETHA|SUMANA||||XX|1063835361~REF|1L|0701224-015-00714-NB~REF|CE|TRADITIONAL CHOICE~DTM|232|20141124~DTM|233|20141124~DTM|050|20150226~PER|CX||TE|8886323862~AMT|AU|104~SVC|HC^99309|104|12.46||1~DTM|472|20141124~CAS|OA|23|88.42~CAS|PR|2|3.12~REF|6R|1335896248Z1~AMT|B6|76.64~LQ|HE|N192~CLP|214-1448|2|104|12.46|3.12|15|PSFBKKB6S0000|31|1~NM1|QC|1|MILLER JR|WILLIAM|C|||MI|458344463A~NM1|74|1|MILLER||||JR|C|W081488962~NM1|82|1|KETHA|SUMANA||||XX|1063835361~REF|1L|0701224-015-00714-NB~REF|CE|TRADITIONAL CHOICE~DTM|232|20141013~DTM|233|20141013~DTM|050|20150226~PER|CX||TE|8886323862~AMT|AU|104~SVC|HC^99309|104|12.46||1~DTM|472|20141013~CAS|OA|23|88.42~CAS|PR|2|3.12~REF|6R|1337437186Z1~AMT|B6|76.64~LQ|HE|N192~CLP|214-1523|2|104|12.46|3.12|15|P2Y0KH8BJ0000|31|1~NM1|QC|1|MILLER JR|WILLIAM|C|||MI|458344463A~NM1|74|1|MILLER||||JR|C|W081488962~NM1|82|1|KETHA|SUMANA||||XX|1063835361~REF|1L|0701224-015-00714-NB~REF|CE|TRADITIONAL CHOICE~DTM|232|20141117~DTM|233|20141117~DTM|050|20150226~PER|CX||TE|8886323862~AMT|AU|104~SVC|HC^99309|104|12.46||1~DTM|472|20141117~CAS|OA|23|88.42~CAS|PR|2|3.12~REF|6R|1335894919Z1~AMT|B6|76.64~LQ|HE|N192~LX|2~TS3|1063835361|31|20151231|1|104~CLP|376-2271|2|104|12.53|3.13|15|EYY0KX5YQ0000|31|1~NM1|QC|1|TRAVIS|ALFRED|M|||MI|449620738A~NM1|74|1||||||C|W093742796~NM1|82|1|MARCO|DALE-ANN||||XX|1063835361~REF|1L|0895980-030-00100-CI~REF|CE|TRADITIONAL CHOICE~DTM|232|20150126~DTM|233|20150126~DTM|050|20150305~PER|CX||TE|8886323862~AMT|AU|104~SVC|HC^99309|104|12.53||1~DTM|472|20150126~CAS|OA|23|88.34~CAS|PR|2|3.13~REF|6R|1374987662Z1~AMT|B6|77.03~LQ|HE|N192~SE|144|0001~ST|835|0002~BPR|I|17.41|C|ACH|CCP|01|031100209|DA|0000009108|1066033492||01|111000025|DA|488038453432|20150313~TRN|1|815068580003087|1066033492~REF|EV|611340767~DTM|405|20150310~N1|PR|AETNA~N3|151 FARMINGTON AVENUE~N4|HARTFORD|CT|06156~N1|PE|KETHA, SUMANA|XX|1063835361~N3|2925 SKYWAY CIR N~N4|IRVING|TX|750383510~REF|PQ|762610840~REF|TJ|464596718~LX|1~TS3|1063835361|32|20151231|1|104~CLP|366-2137|2|104|17.41||15|ESFBKVLGQ0000|32|1~CAS|OA|23|68.25~CAS|PR|2|-17.13~NM1|QC|1|TYLER|MARY|L|||MI|454260356A~NM1|74|1||||||C|W161972955~NM1|82|1|KETHA|SUMANA||||XX|1063835361~REF|1L|0820363-053-00001-BR~REF|CE|TRADITIONAL CHOICE~DTM|232|20141230~DTM|233|20141230~DTM|050|20150225~PER|CX||TE|8886323862~AMT|AU|104~SVC|HC^99309|104|68.53||1~DTM|472|20141230~CAS|OA|23|18.34~CAS|PR|2|17.13~REF|6R|1368545499Z1~AMT|B6|85.66~SE|35|0002~GE|2|693~IEA|1|000000698~