ISA|00|          |00|          |ZZ|ZIRMED         |ZZ|11             |151104|2106|U|00401|000001514|0|P|^~GS|HP|ZIRMED|FIS123456789|20151104|2106|1509|X|004010X091A1~ST|835|0001~BPR|I|52.07|C|ACH|CCP|01|092904554|DA|150097034071|1201494502||01|111000025|DA|488038453432|20151102~TRN|1|EFT2931504|1201494502~REF|EV|FIS123456789~REF|F2|TXMC QNXT~DTM|405|20151030~N1|PR|MOLINA HEALTHCARE OF TEXAS, INC~N3|2505 N. STATE HIGHWAY 360|STE 300~N4|GRAND PRAIRIE|TX|75050~N1|PE|DFW PRIMARY CARE PLLC|XX|1063835361~N3|2925 SKYWAY CICLE NORTH~N4|IRVING|TX|750383510~REF|TJ|464596718~LX|1~CLP|3040-4024|1|92|2.67||MC|15301900890~NM1|QC|1|ROBERTSON|SHARON|L|||MI|524114075~NM1|82|1|KETHA|SUMANA||||XX|1962447805~REF|CE|TQMBPL6979~DTM|232|20151016~DTM|233|20151016~DTM|050|20151028~AMT|AU|92~SVC|HC^99213^25|88|0||1~DTM|472|20151016~CAS|CO|5|88~REF|6R|1589122958Z1~LQ|HE|N34~SVC|HC^94760|4|2.67||1~DTM|472|20151016~CAS|CO|45|1.33~REF|6R|1589122958Z2~AMT|B6|2.67~CLP|3166-4034|1|134|46.73||MC|15301900898~NM1|QC|1|WOLTER|DEBORAH|K|||MI|530188360~NM1|82|1|KETHA|SUMANA||||XX|1962447805~REF|CE|TQMBPL6979~DTM|232|20151019~DTM|233|20151019~DTM|050|20151028~AMT|AU|134~SVC|HC^99214^25|130|46.73||1~DTM|472|20151019~CAS|CO|45|83.27~REF|6R|1589122967Z1~AMT|B6|46.73~SVC|HC^94760|4|0||1~DTM|472|20151019~CAS|CO|97|4~REF|6R|1589122967Z2~CLP|1458-4038|1|134|2.67||MC|15301900903~NM1|QC|1|CARTER|ARTIE|J|||MI|525060269~NM1|82|1|KETHA|SUMANA||||XX|1962447805~REF|CE|TQMBPL6979~DTM|232|20151019~DTM|233|20151019~DTM|050|20151028~AMT|AU|134~SVC|HC^99214^25|130|0||1~DTM|472|20151019~CAS|CO|5|130~REF|6R|1589122974Z1~LQ|HE|N34~SVC|HC^94760|4|2.67||1~DTM|472|20151019~CAS|CO|45|1.33~REF|6R|1589122974Z2~AMT|B6|2.67~SE|68|0001~ST|835|0002~BPR|I|109.49|C|ACH|CCP|01|092904554|DA|150097034071|1201494502||01|111000025|DA|488038453432|20151102~TRN|1|EFT2933702|1201494502~REF|EV|FIS123456789~REF|F2|TXMC QNXT~DTM|405|20151030~N1|PR|MOLINA HEALTHCARE OF TEXAS, INC~N3|2505 N. STATE HIGHWAY 360|STE 300~N4|GRAND PRAIRIE|TX|75050~N1|PE|DFW PRIMARY CARE PLLC|XX|1063835361~N3|2925 SKYWAY CICLE NORTH~N4|IRVING|TX|750383510~REF|TJ|464596718~LX|1~CLP|3162-4033|1|134|0||HM|15301900894~NM1|QC|1|HENRY|TRACY|V|||MI|500000046858~NM1|82|1|KETHA|SUMANA||||XX|1962447805~REF|CE|QMXBP8141~DTM|232|20151019~DTM|233|20151019~DTM|050|20151028~AMT|AU|134~SVC|HC^99214^25|130|0||1~DTM|472|20151019~CAS|CO|1|109.49||45|20.51~REF|6R|1589122965Z1~LQ|HE|MA13~SVC|HC^94760|4|0||1~DTM|472|20151019~CAS|CO|45|4~REF|6R|1589122965Z2~CLP|3162-4033|1|134|109.49||MC|15301900894M~NM1|QC|1|HENRY|TRACY|V|||MI|500000046858~NM1|74|1||||||C|608278385~NM1|82|1|KETHA|SUMANA||||XX|1962447805~REF|CE|QMXBP8137~DTM|232|20151019~DTM|233|20151019~DTM|050|20151029~AMT|AU|130~SVC|HC^99214^25|130|109.49||1~DTM|472|20151019~CAS|CO|45|20.51~REF|6R|1589122965Z1~AMT|B6|46.73~SVC|HC^94760|4|0||1~DTM|472|20151019~CAS|CO|45|4~REF|6R|1589122965Z2~SE|50|0002~GE|2|1509~IEA|1|000001514~