ISA|00|          |00|          |ZZ|ZIRMED         |30|611340767      |151110|1155|U|00401|000001534|0|P|^~GS|HP|ZIRMED|611340767|20151110|1155|1529|X|004010X091A1~ST|835|0001~BPR|I|848.24|C|ACH|CCP|01|031100209|DA|0000009108|1066033492||01|111000025|DA|488038453432|20151116~TRN|1|815313580003276|1066033492~REF|EV|611340767~DTM|405|20151110~N1|PR|AETNA~N3|151 FARMINGTON AVENUE~N4|HARTFORD|CT|06156~N1|PE|KETHA, SUMANA|XX|1063835361~N3|2925 SKYWAY CIR N~N4|IRVING|TX|750383510~REF|PQ|762610840~REF|TJ|464596718~LX|1~TS3|1063835361|11|20151231|2|1070~CLP|6137-4049|1|781|629.1|25|13|EKJLP8W6G0000|01|1~NM1|QC|1|HAWKINS|VALERIE|LINN|||MI|W210844883~NM1|82|1|KETHA|SUMANA||||XX|1063835361~REF|1L|0326321-024-00007-HJ~REF|CE|AETNA OPEN ACCESS  MANAGED CHOICE NET 00338~DTM|232|20151021~DTM|233|20151021~DTM|050|20151027~PER|CX||TE|8886323862~AMT|AU|781~SVC|HC^99396^25|155|124.37||1~DTM|472|20151021~CAS|CO|45|30.63~REF|6R|1589122981Z1~AMT|B6|124.37~SVC|HC^95923|252|171.18||1~DTM|472|20151021~CAS|CO|45|80.82~REF|6R|1589122981Z2~AMT|B6|171.18~SVC|HC^95921|110|94.55||1~DTM|472|20151021~CAS|CO|45|15.45~REF|6R|1589122981Z3~AMT|B6|94.55~SVC|HC^93306|264|239||1~DTM|472|20151021~CAS|PR|3|25~REF|6R|1589122981Z4~AMT|B6|264~CLP|6137-3946|1|289|219.14|25|13|ER57P9G220000|11|1~NM1|QC|1|HAWKINS|VALERIE|LINN|||MI|W210844883~NM1|82|1|KETHA|SUMANA||||XX|1063835361~REF|1L|0326321-024-00007-HJ~REF|CE|AETNA OPEN ACCESS  MANAGED CHOICE NET 00338~DTM|232|20151008~DTM|233|20151008~DTM|050|20151028~PER|CX||TE|8886323862~AMT|AU|289~SVC|HC^99204^25|200|162.5||1~DTM|472|20151008~CAS|CO|45|12.5~CAS|PR|3|25~REF|6R|1590257794Z1~AMT|B6|187.5~SVC|HC^96372|29|27.33||1~DTM|472|20151008~CAS|CO|45|1.67~REF|6R|1590257794Z4~AMT|B6|27.33~SVC|HC^90471|4|0||0|HC^94760|1~DTM|472|20151008~CAS|CO|97|4|1~REF|6R|1590257794Z5~AMT|B6|4~LQ|HE|N19~SVC|HC^90654|23|19.51||1~DTM|472|20151008~CAS|CO|45|3.49~REF|6R|1590257794Z2~AMT|B6|19.51~SVC|HC^90471|33|9.8||1~DTM|472|20151008~CAS|CO|45|23.2~REF|6R|1590257794Z3~AMT|B6|9.8~SE|83|0001~GE|1|1529~IEA|1|000001534~