ISA|00|          |00|          |ZZ|ZIRMED         |ZZ|PAYER          |151117|0828|U|00401|000001560|0|P|^~GS|HP|ZIRMED|PROVIDERHIS|20151117|0828|1555|X|004010X091A1~ST|835|0001~BPR|I|111.67|C|ACH|CCP|01|061000104|DA|1000187147243|1742770542||01|111000025|DA|488038453432|20151117~TRN|1|0901625490|1742770542~REF|EV|999999999999999~DTM|405|20151117~N1|PR|SUPERIOR HEALTH PLAN~N3|6070 GATEWAY EAST|SUITE 400~N4|EL PASO|TX|79905~N1|PE|DFW GERIATRICS PLLC|XX|1063835361~N3|2925 SKWY CIR N~N4|IRVING|TX|75038~REF|TJ|464596718~LX|1~CLP|6123-3967|2|130|22.99||HM|O316TXE06298|11|E~NM1|QC|1|HARRINGTON|SANTOARY||||MR|527686056~NM1|IL|1|HARRINGTON|SANTOARY||||MI|00185537101~NM1|82|1|KETHA|SUMANA||||XX|1962447805~REF|EA|000000001326~REF|G2|168813~SVC|HC^99214|130|22.99||1~DTM|472|20151013~CAS|CO|45|16.88~CAS|OA|23|90.13~REF|6R|1600937448Z1~REF|HPI|1962447805~AMT|B6|113.12~LQ|HE|N420~LX|2~CLP|245-3927|2|548|88.16||HM|O316TXE03070|11|E~NM1|QC|1|LOVE|VICKIE||||MR|283504101~NM1|IL|1|LOVE|VICKIE||||MI|00259384701~NM1|82|1|KETHA|SUMANA||||XX|1962447805~REF|EA|000000001327~REF|G2|168813~SVC|HC^99214^25|130|22.95||1~DTM|472|20151001~CAS|CO|45|16.88~CAS|OA|23|90.17~REF|6R|1570948231Z1~REF|HPI|1962447805~AMT|B6|113.12~LQ|HE|N420~SVC|ZZ^90654|23|0||1~DTM|472|20151001~CAS|CO|136|23~REF|6R|1570948231Z2~REF|HPI|1962447805~SVC|HC^96372|29|5.39||1~DTM|472|20151001~CAS|CO|45|2.43~CAS|OA|23|21.18~REF|6R|1570948231Z3~REF|HPI|1962447805~AMT|B6|26.57~LQ|HE|N420~SVC|HC^94760|4|0||1~DTM|472|20151001~CAS|CO|109|4~REF|6R|1570948231Z4~REF|HPI|1962447805~AMT|B6|4~LQ|HE|N557~SVC|HC^G0008|0|0||1~DTM|472|20151001~REF|6R|1570948231Z5~REF|HPI|1962447805~LQ|HE|N420~SVC|HC^95923|252|41.05||1~DTM|472|20151001~CAS|CO|45|49.76~CAS|OA|23|161.19~REF|6R|1570948231Z6~REF|HPI|1962447805~AMT|B6|202.24~LQ|HE|N420~SVC|HC^95921|110|18.77||1~DTM|472|20151001~CAS|CO|45|17.52~CAS|OA|23|73.71~REF|6R|1570948231Z7~REF|HPI|1962447805~AMT|B6|92.48~LQ|HE|N420~PLB|168813|20151231|L6^20151117|-0.52~SE|85|0001~GE|1|1555~IEA|1|000001560~