ISA|00|          |00|          |ZZ|ZIRMED         |29|E12705         |150310|0425|U|00401|000000697|0|P|^~GS|HP|ZIRMED|E12705|20150310|0425|692|X|004010X091A1~ST|835|0001~BPR|H|0|C|NON||||||||||||20150310~TRN|1|458860107|1205296137~REF|EV|E12705~DTM|405|20150309~N1|PR|NOVITAS SOLUTIONS, INC.~N3|PO BOX 3110~N4|MECHANICSBURG|PA|170551826~REF|2U|04412~PER|CX||TE|8552528782~N1|PE|DFW GERIATRICS PLLC|XX|1063835361~N3|2925 SKYWAY CIRCLE NORTH~N4|IRVING|TX|750383510~REF|TJ|464596718~LX|1~CLP|397-2514|19|104|0|87.49|MB|2815063621560|32|1~NM1|QC|1|BENNETTJR|MARVIN||||HN|467825049A~NM1|82|1||||||XX|1962447805~NM1|TT|2|TX HEALTH & HUMAN SERVICES COMMI|||||PI|70051~MOA|||MA01|MA07~DTM|050|20150304~SVC|HC^99309|104|0||1~DTM|472|20150211~CAS|CO|45|16.51~CAS|PR|1|87.49~REF|LU|32~REF|6R|1388484789Z1~AMT|B6|87.49~CLP|72-2344|1|104|0||MB|2815051846750|32|1~NM1|QC|1|GAINES|GWENDOLYN||||HN|462219921TA~NM1|82|1||||||XX|1962447805~MOA|||MA01~DTM|050|20150220~SVC|HC^99309|104|0||||1~DTM|472|20150126~CAS|CO|B9|104~REF|LU|32~REF|6R|1378201719Z1~LQ|HE|N90~CLP|129-2331|1|104|0||MB|2815051847380|32|1~NM1|QC|1|GARN|JAMES|F|||HN|467240006A~NM1|82|1||||||XX|1962447805~MOA|||MA01~DTM|050|20150220~SVC|HC^99309|104|0||||1~DTM|472|20141208~CAS|CO|B9|104~REF|LU|32~REF|6R|1378304423Z1~LQ|HE|N90~CLP|226-2547|1|79|0||MB|2815063621550|21|1~NM1|QC|1|HOUSE|MELVIN||||HN|271329525A~NM1|82|1||||||XX|1962447805~MOA|||MA01~DTM|050|20150304~SVC|HC^99308|79|0||||1~DTM|472|20150121~CAS|CO|58|79~REF|LU|21~REF|6R|1388484447Z1~SE|61|0001~ST|835|0002~BPR|I|251.1|C|ACH|CCP|01|081517693|DA|152302017594|1205296137||01|111000025|DA|488038453432|20150310~TRN|1|889744010|1205296137~REF|EV|E12705~DTM|405|20150309~N1|PR|NOVITAS SOLUTIONS, INC.~N3|PO BOX 3110~N4|MECHANICSBURG|PA|170551826~REF|2U|04412~PER|CX||TE|8552528782~N1|PE|DFW GERIATRICS PLLC|XX|1063835361~N3|2925 SKYWAY CIRCLE NORTH~N4|IRVING|TX|750383510~REF|TJ|464596718~LX|1~CLP|92-2412|19|193|125.55|32.03|MB|2815055556860|32|1~NM1|QC|1|COLLINS|VELMA||||HN|449463498D~NM1|82|1||||||XX|1962447805~NM1|TT|2|TX HEALTH & HUMAN SERVICES COMMI|||||PI|70051~MOA|||MA01|MA07~DTM|050|20150224~SVC|HC^99306|193|125.55||1~DTM|472|20150212~CAS|CO|45|32.86||253|2.56~CAS|PR|2|32.03~REF|LU|32~REF|6R|1381258669Z1~AMT|B6|160.14~CLP|100-2410|19|193|125.55|32.03|MB|2815055556850|32|1~NM1|QC|1|PETERSON|DEBORAH||||HN|464111423A~NM1|82|1||||||XX|1962447805~NM1|TT|2|TX HEALTH & HUMAN SERVICES COMMI|||||PI|70051~MOA|||MA01|MA07~DTM|050|20150224~SVC|HC^99306|193|125.55||1~DTM|472|20150220~CAS|CO|45|32.86||253|2.56~CAS|PR|2|32.03~REF|LU|32~REF|6R|1381258668Z1~AMT|B6|160.14~SE|42|0002~GE|2|692~IEA|1|000000697~