ISA|00|          |00|          |ZZ|ZIRMED         |29|E12705         |150522|0221|U|00401|000000967|0|P|^~GS|HP|ZIRMED|E12705|20150522|0221|962|X|004010X091A1~ST|835|0001~BPR|I|226.36|C|ACH|CCP|01|081517693|DA|152302017594|1205296137||01|111000025|DA|488038453432|20150522~TRN|1|890241257|1205296137~REF|EV|E12705~DTM|405|20150521~N1|PR|NOVITAS SOLUTIONS, INC.~N3|PO BOX 3110~N4|MECHANICSBURG|PA|170551826~REF|2U|04412~PER|CX||TE|8552528782~N1|PE|DFW GERIATRICS PLLC|XX|1063835361~N3|2925 SKYWAY CIRCLE NORTH~N4|IRVING|TX|750383510~REF|TJ|464596718~LX|1~CLP|390-2753|19|130|81.14|20.7|MB|2815128190590|11|1~NM1|QC|1|ANDREWS|EDWARD||||HN|459842820A~NM1|82|1||||||XX|1962447805~NM1|TT|2|TX HEALTH & HUMAN SERVICES COMMI|||||PI|70051~MOA|||MA01|MA07~DTM|050|20150508~SVC|HC^99214|130|81.14||1~DTM|472|20150213~CAS|CO|45|26.5||253|1.66~CAS|PR|2|20.7~REF|LU|11~REF|6R|1444323100Z1~AMT|B6|103.5~CLP|347-2752|19|130|72.61|18.52|MB|2815128190580|11|1~NM1|QC|1|SOTO|JOSE||||HN|453040927A~NM1|82|1||||||XX|1679978068~NM1|TT|2|TX HEALTH & HUMAN SERVICES COMMI|||||PI|70051~MOA|||MA01|MA07~DTM|050|20150508~SVC|HC^99214|130|72.61||1~DTM|472|20150213~CAS|CO|45|37.39||253|1.48~CAS|PR|2|18.52~REF|LU|11~REF|6R|1444323099Z1~AMT|B6|92.61~CLP|382-2711|1|492|72.61|18.52|MB|2815128190570|11|1~NM1|QC|1|TODD|LANA||||HN|449755855A~NM1|82|1||||||XX|1679978068~MOA|||MA01~DTM|050|20150508~SVC|HC^99214^25|130|72.61||1~DTM|472|20150109~CAS|CO|45|37.39||253|1.48~CAS|PR|2|18.52~REF|LU|11~REF|6R|1444322006Z1~AMT|B6|92.61~SVC|HC^95921|110|0||||1~DTM|472|20150109~CAS|CO|170|110~REF|LU|11~REF|6R|1444322006Z2~SVC|HC^95923|252|0||||1~DTM|472|20150109~CAS|CO|170|252~REF|LU|11~REF|6R|1444322006Z3~SE|64|0001~GE|1|962~IEA|1|000000967~