ISA|00|          |00|          |ZZ|ZIRMED         |ZZ|AV09311993     |150117|1413|U|00401|000000465|0|P|^~GS|HP|ZIRMED|AV01101957|20150117|1413|460|X|004010X091A1~ST|835|0001~BPR|I|104.25|C|CHK||||||||||||20150116~TRN|1|C15016333426710|1361236610|CP201501163334267100~REF|EV|TX8355010~DTM|405|20150116~N1|PR|BLUECROSS BLUESHIELD OF TEXAS~N3|P O BOX 660044~N4|DALLAS|TX|752660044~REF|2U|G84980~N1|PE|DFW GERIATRICS PLLC|XX|1063835361~N3|2925 SKYWAY CIR N~N4|IRVING|TX|750383510~REF|TJ|464596718~LX|1~CLP|199-484|2|104|15.58||12|02014364571483Y0X00|31|1~NM1|QC|1|SHELBY|FAYE|D|||MI|UTS0A67EN1RT~NM1|82|1|MARCO|DALE|A|||XX|1952303547~REF|1L|0000717780032~REF|CE|MEDICARE CROSSOVER CLAIM~DTM|232|20140804~DTM|233|20140804~DTM|050|20141230~AMT|AU|77.89~SVC|HC^99309|104|15.58||1~DTM|472|20140804~CAS|OA|23|88.42~REF|6R|1315922481Z1~AMT|B6|77.89~LX|2~CLP|84-525|2|109|16.29||12|02014364571480Y0X00|33|1~NM1|QC|1|TIRADO|CAROLYN|L|||MI|UTS0I92DC4RW~NM1|82|1|MARCO|DALE|A|||XX|1952303547~REF|1L|0000717780032~REF|CE|MEDICARE CROSSOVER CLAIM~DTM|232|20140821~DTM|233|20140821~DTM|050|20141230~AMT|AU|81.46~SVC|HC^99335|109|16.29||1~DTM|472|20140821~CAS|OA|23|92.71~REF|6R|1315929962Z1~AMT|B6|81.46~LX|3~CLP|84-748|2|222|33.11||12|02015002577E9460X00|33|1~NM1|QC|1|TIRADO|CAROLYN|L|||MI|UTS0I92DC4RW~NM1|82|1|MARCO|DALE|A|||XX|1952303547~REF|1L|0000717780042~REF|CE|MEDICARE CROSSOVER CLAIM~DTM|232|20140912~DTM|233|20140912~DTM|050|20150102~AMT|AU|165.57~SVC|HC^99337|222|33.11||1~DTM|472|20140912~CAS|OA|23|188.89~REF|6R|1320468007Z1~AMT|B6|165.57~LX|4~CLP|84-626|2|154|22.98||12|02015002577E9480X00|33|1~NM1|QC|1|TIRADO|CAROLYN|L|||MI|UTS0I92DC4RW~NM1|82|1|MARCO|DALE|A|||XX|1952303547~REF|1L|0000717780042~REF|CE|MEDICARE CROSSOVER CLAIM~DTM|232|20140910~DTM|233|20140910~DTM|050|20150102~AMT|AU|114.91~SVC|HC^99336|154|22.98||1~DTM|472|20140910~CAS|OA|23|131.02~REF|6R|1321930026Z1~AMT|B6|114.91~LX|5~CLP|84-1011|2|109|16.29||12|0201500757573E90X00|33|1~NM1|QC|1|TIRADO|CAROLYN|L|||MI|UTS0I92DC4RW~NM1|82|1|MARCO|DALE|A|||XX|1952303547~REF|1L|0000717780042~REF|CE|MEDICARE CROSSOVER CLAIM~DTM|232|20141110~DTM|233|20141110~DTM|050|20150107~AMT|AU|81.46~SVC|HC^99335|109|16.29||1~DTM|472|20141110~CAS|OA|23|92.71~REF|6R|1326083978Z1~AMT|B6|81.46~SE|89|0001~GE|1|460~IEA|1|000000465~