ISA|00|          |00|          |ZZ|ZIRMED         |ZZ|11             |150922|1134|U|00401|000001387|0|P|^~GS|HP|ZIRMED|FIS123456789|20150922|1134|1382|X|004010X091A1~ST|835|0001~BPR|I|702.24|C|ACH|CCP|01|092904554|DA|150097034071|1201494502||01|111000025|DA|488038453432|20150921~TRN|1|EFT2825313|1201494502~REF|EV|FIS123456789~REF|F2|TXMC QNXT~DTM|405|20150918~N1|PR|MOLINA HEALTHCARE OF TEXAS, INC~N3|2505 N. STATE HIGHWAY 360|STE 300~N4|GRAND PRAIRIE|TX|75050~N1|PE|DFW PRIMARY CARE PLLC|XX|1063835361~N3|2925 SKYWAY CICLE NORTH~N4|IRVING|TX|750383510~REF|TJ|464596718~LX|1~CLP|3915-3850|1|130|46.73||MC|15260894145~NM1|QC|1|KINNEY|KAREN|L|||MI|512372992~NM1|82|1|KETHA|SUMANA||||XX|1962447805~REF|CE|TQMBPL6979~DTM|232|20150908~DTM|233|20150908~DTM|050|20150917~AMT|AU|130~SVC|HC^99214|130|46.73||1~DTM|472|20150908~CAS|CO|45|83.27~REF|6R|1554572329Z1~AMT|B6|46.73~CLP|3040-3852|1|130|46.73||MC|15260894147~NM1|QC|1|ROBERTSON|SHARON|L|||MI|524114075~NM1|82|1|KETHA|SUMANA||||XX|1962447805~REF|CE|TQMBPL6979~DTM|232|20150908~DTM|233|20150908~DTM|050|20150917~AMT|AU|130~SVC|HC^99214|130|46.73||1~DTM|472|20150908~CAS|CO|45|83.27~REF|6R|1554572334Z1~AMT|B6|46.73~CLP|553-3832|1|130|46.73||MC|15260894153~NM1|QC|1|LARGE|BILLY|W|||MI|615579278~NM1|82|1|KETHA|SUMANA||||XX|1962447805~REF|CE|TQMBPL6979~DTM|232|20150724~DTM|233|20150724~DTM|050|20150917~AMT|AU|130~SVC|HC^99214|130|46.73||1~DTM|472|20150724~CAS|CO|45|83.27~REF|6R|1554588204Z1~AMT|B6|46.73~CLP|3166-3865|1|964.46|562.05||MC|15260894155~NM1|QC|1|WOLTER|DEBORAH|K|||MI|530188360~NM1|82|1|KETHA|SUMANA||||XX|1962447805~REF|CE|TQMBPL6979~DTM|232|20150701~DTM|233|20150701~DTM|050|20150917~AMT|AU|964.46~SVC|HC^96120|46.18|0||1~DTM|472|20150701~CAS|CO|204|46.18~REF|6R|1554589854Z1~LQ|HE|N130~SVC|HC^95957|305.27|0||1~DTM|472|20150701~CAS|CO|6|305.27~REF|6R|1554589854Z2~LQ|HE|N30~SVC|HC^95816|346.27|326.65||1~DTM|472|20150701~CAS|CO|45|19.62~REF|6R|1554589854Z3~AMT|B6|326.65~SVC|HC^95930|123.94|123.94||1~DTM|472|20150701~REF|6R|1554589854Z4~AMT|B6|123.94~SVC|HC^92585|130.57|101.84||1~DTM|472|20150701~CAS|CO|45|28.73~REF|6R|1554589854Z5~AMT|B6|101.84~SVC|HC^99090|0|0||1~DTM|472|20150701~REF|6R|1554589854Z6~LQ|HE|N130~SVC|HC^93040|12.23|9.62||1~DTM|472|20150701~CAS|CO|45|2.61~REF|6R|1554589854Z7~AMT|B6|9.62~SE|95|0001~GE|1|1382~IEA|1|000001387~