ISA|00|          |00|          |ZZ|ZIRMED         |29|E12705         |150430|0618|U|00401|000000846|0|P|^~GS|HP|ZIRMED|E12705|20150430|0618|841|X|004010X091A1~ST|835|0001~BPR|H|0|C|NON||||||||||||20150430~TRN|1|459121378|1205296137~REF|EV|E12705~DTM|405|20150429~N1|PR|NOVITAS SOLUTIONS, INC.~N3|PO BOX 3110~N4|MECHANICSBURG|PA|170551826~REF|2U|04412~PER|CX||TE|8552528782~N1|PE|DFW GERIATRICS PLLC|XX|1063835361~N3|2925 SKYWAY CIRCLE NORTH~N4|IRVING|TX|750383510~REF|TJ|464596718~LX|1~CLP|6-1765|1|104|0||MB|2815099651270|32|1~NM1|QC|1|THORNTON|ARWILDER||||HN|457072991C1~NM1|82|1||||||XX|1962447805~MOA|||MA01~DTM|050|20150409~SVC|HC^99309|104|0||||1~DTM|472|20140811~CAS|CO|B9|104~REF|LU|32~REF|6R|1419247603Z1~LQ|HE|N90~SE|27|0001~ST|835|0002~BPR|I|31.09|C|ACH|CCP|01|081517693|DA|152302017594|1205296137||01|111000025|DA|488038453432|20150430~TRN|1|890079193|1205296137~REF|EV|E12705~DTM|405|20150429~N1|PR|NOVITAS SOLUTIONS, INC.~N3|PO BOX 3110~N4|MECHANICSBURG|PA|170551826~REF|2U|04412~PER|CX||TE|8552528782~N1|PE|DFW GERIATRICS PLLC|XX|1063835361~N3|2925 SKYWAY CIRCLE NORTH~N4|IRVING|TX|750383510~REF|TJ|464596718~LX|1~CLP|312-2620|1|47|31.09|7.93|MB|2815106739670|11|1~NM1|QC|1|MITCHELL|REBECCA||||HN|562745087A~NM1|82|1||||||XX|1962447805~MOA|||MA01~DTM|050|20150416~SVC|HC^G0179|47|31.09||1~DTM|472|20150324~CAS|CO|45|7.35||253|.63~CAS|PR|2|7.93~REF|LU|11~REF|6R|1425090765Z1~AMT|B6|39.65~SE|28|0002~GE|2|841~IEA|1|000000846~