ISA|00|          |00|          |ZZ|ZIRMED         |29|E12705         |150620|0442|U|00401|000001063|0|P|^~GS|HP|ZIRMED|E12705|20150620|0442|1058|X|004010X091A1~ST|835|0001~BPR|H|0|C|NON||||||||||||20150622~TRN|1|459365499|1205296137~REF|EV|E12705~DTM|405|20150619~N1|PR|NOVITAS SOLUTIONS, INC.~N3|PO BOX 3110~N4|MECHANICSBURG|PA|170551826~REF|2U|04412~PER|CX||TE|8552528782~N1|PE|DFW GERIATRICS PLLC|XX|1063835361~N3|2925 SKYWAY CIRCLE NORTH~N4|IRVING|TX|750383510~REF|TJ|464596718~LX|1~CLP|351-2285|1|178|0||MB|2815169657530|11|1~NM1|QC|1|RASOR|LINDA||||HN|452761409A~NM1|82|1||||||XX|1679978068~MOA|||MA01~DTM|050|20150618~SVC|HC^99214|130|0||||1~DTM|472|20141208~CAS|OA|18|130~REF|6R|1477838527Z1~REF|LU|11~LQ|HE|N522~SVC|HC^90656|17|0||||1~DTM|472|20141208~CAS|OA|18|17~REF|6R|1477838527Z2~REF|LU|11~LQ|HE|N522~SVC|HC^G0008|31|0||||1~DTM|472|20141208~CAS|OA|18|31~REF|6R|1477838527Z3~REF|LU|11~LQ|HE|N522~SE|39|0001~ST|835|0002~BPR|I|396.3|C|ACH|CCP|01|081517693|DA|152302017594|1205296137||01|111000025|DA|488038453432|20150622~TRN|1|890418985|1205296137~REF|EV|E12705~DTM|405|20150619~N1|PR|NOVITAS SOLUTIONS, INC.~N3|PO BOX 3110~N4|MECHANICSBURG|PA|170551826~REF|2U|04412~PER|CX||TE|8552528782~N1|PE|DFW GERIATRICS PLLC|XX|1063835361~N3|2925 SKYWAY CIRCLE NORTH~N4|IRVING|TX|750383510~REF|TJ|464596718~LX|1~CLP|6038-2960|19|130|72.61|18.52|MB|2815159880430|11|1~NM1|QC|1|BUTNER|JOANN||||HN|457565807A~NM1|82|1||||||XX|1679978068~NM1|TT|2|HCSC-BCBS OF TX-FEP B ONLY|||||PI|80012~MOA|||MA01|MA18~DTM|050|20150608~SVC|HC^99214|130|72.61||1~DTM|472|20150602~CAS|CO|45|37.39||253|1.48~CAS|PR|2|18.52~REF|6R|1468580080Z1~REF|LU|11~AMT|B6|92.61~CLP|403-2961|1|130|81.14|20.7|MB|2815159880440|11|1~NM1|QC|1|GOFF|YOLANDA||||HN|559256714A~NM1|82|1||||||XX|1962447805~MOA|||MA01~DTM|050|20150608~SVC|HC^99214|130|81.14||1~DTM|472|20150603~CAS|CO|45|26.5||253|1.66~CAS|PR|2|20.7~REF|6R|1468580081Z1~REF|LU|11~AMT|B6|103.5~CLP|6026-2958|1|186|106|27.04|MB|2815159880410|11|1~NM1|QC|1|HEIDLEBER|GEROGE||||HN|461465630A~NM1|82|1||||||XX|1679978068~MOA|||MA01~DTM|050|20150608~SVC|HC^99214^25|130|72.61||1~DTM|472|20150602~CAS|CO|45|37.39||253|1.48~CAS|PR|2|18.52~REF|6R|1468580078Z1~REF|LU|11~AMT|B6|92.61~SVC|HC^69210|56|33.39||1~DTM|472|20150602~CAS|CO|45|13.41||253|.68~CAS|PR|2|8.52~REF|6R|1468580078Z2~REF|LU|11~AMT|B6|42.59~CLP|314-2954|1|24|15.03|3.83|MB|2815159880390|11|1~NM1|QC|1|PALMER|LARRY||||HN|382562993A~NM1|82|1||||||XX|1962447805~MOA|||MA01~DTM|050|20150608~SVC|HC^99211|24|15.03||1~DTM|472|20150601~CAS|CO|45|4.83||253|.31~CAS|PR|2|3.83~REF|6R|1468580073Z1~REF|LU|11~AMT|B6|19.17~CLP|309-2956|19|130|72.61|18.52|MB|2815159880400|11|1~NM1|QC|1|VANDERPOOL|ADRIAN||||HN|466297262A~NM1|82|1||||||XX|1679978068~NM1|TT|2|TX HEALTH & HUMAN SERVICES COMMI|||||PI|70051~MOA|||MA01|MA07~DTM|050|20150608~SVC|HC^99214|130|72.61||1~DTM|472|20150601~CAS|CO|45|37.39||253|1.48~CAS|PR|2|18.52~REF|6R|1468580076Z1~REF|LU|11~AMT|B6|92.61~CLP|422-2959|1|88|48.91|12.48|MB|2815159880420|11|1~NM1|QC|1|WILSON|VIVIAN||||HN|463196861A~NM1|82|1||||||XX|1679978068~MOA|||MA01~DTM|050|20150608~SVC|HC^99213|88|48.91||1~DTM|472|20150603~CAS|CO|45|25.61||253|1~CAS|PR|2|12.48~REF|6R|1468580079Z1~REF|LU|11~AMT|B6|62.39~SE|97|0002~GE|2|1058~IEA|1|000001063~