ISA|00|          |00|          |ZZ|ZIRMED         |ZZ|GATE0084       |150929|0039|U|00401|000001410|1|P|^~GS|HP|ZIRMED|GATE0084|20150929|0039|1405|X|004010X091A1~ST|835|0001~BPR|I|134.74|C|CHK||||||||||||20150925~TRN|1|PH91308850|1411289245|000087726~DTM|405|20150925~N1|PR|UNITED HEALTHCARE INSURANCE COMPANY|XV|87726~N3|GREENSBORO SERVICE CENTER|P O BOX 740800~N4|ATLANTA|GA|303740800~REF|2U|87726~PER|CX|GREENSBORO SERVICE CENTER|TE|8778423210~N1|PE|SUMANA KETHA|XX|1063835361~N3|2925 SKYWAY CIR N~N4|IRVING|TX|750380000~REF|TJ|464596718~LX|1~TS3|1063835361|11|20151231|1|160~CLP|6073-3587|1|160|134.74||14|5211716484 0079797965|11|1~NM1|QC|1|SRIKAR|GANTI~NM1|IL|1|SRIKAR|GANTI||||MI|917493433~NM1|74|1|GANTI|SRIKAR~NM1|82|1|KETHA|SUMANA||||XX|1962447805~REF|1L|709012~REF|CE|CHOYC~DTM|050|20150922~DTM|232|20150709~AMT|AU|160~SVC|HC^99385|160|134.74||1~DTM|472|20150709~CAS|CO|45|25.26~REF|6R|1559574269Z1~AMT|B6|134.74~SE|31|0001~ST|835|0002~BPR|I|632.43|C|CHK||||||||||||20150925~TRN|1|QC10653874|1411289245|000087726~DTM|405|20150925~N1|PR|UNITED HEALTHCARE INSURANCE COMPANY|XV|87726~N3|GREENSBORO SERVICE CENTER|PO BOX 30555~N4|SALT LAKE CITY|UT|841300555~REF|2U|87726~PER|CX|GREENSBORO SERVICE CENTER|TE|8778423210~N1|PE|SUMANA KETHA|XX|1063835361~N3|2925 SKYWAY CIR N~N4|IRVING|TX|750380000~REF|TJ|464596718~LX|1~TS3|1063835361|11|20151231|6|800~CLP|6088-3758|1|130|106.66|10|13|5198664101 0018136756|11|1~NM1|QC|1|PATEL|VIPUL~NM1|IL|1|PATEL|VIPUL||||MI|940232384~NM1|82|1|KETHA|SUMANA||||XX|1962447805~REF|CE|COMP BA~REF|1L|902732~DTM|050|20150910~DTM|232|20150902~AMT|AU|130~SVC|HC^99214|130|106.66||1~DTM|472|20150902~CAS|CO|45|13.34~CAS|PR|3|10~REF|6R|1549360470Z1~AMT|B6|116.66~CLP|6076-3793|1|186|156.18||13|5200185033 0018176622|11|1~NM1|QC|1|BONDADA|SWARNALATHA~NM1|IL|1|BONDADA|SWARNALATHA||||MI|901440925~NM1|74|1||BASAVESWAR R~NM1|82|1|KETHA|SUMANA||||XX|1962447805~REF|CE|COMP BA~REF|1L|902732~DTM|050|20150911~DTM|232|20150903~AMT|AU|186~SVC|HC^99386|186|156.18||1~DTM|472|20150903~CAS|CO|45|29.82~REF|6R|1551021421Z1~AMT|B6|156.18~CLP|6112-3804|1|160|134.74||13|5198664098 0018301242|11|1~NM1|QC|1|DHUNGANA|TARA~NM1|IL|1|DHUNGANA|TARA||||MI|909706781~NM1|74|1||KUNDAN~NM1|82|1|KETHA|SUMANA||||XX|1962447805~MOA|||MA15~REF|CE|COMP BA~REF|1L|902732~DTM|050|20150910~DTM|232|20150903~AMT|AU|160~SVC|HC^99385^25|160|134.74||1~DTM|472|20150903~CAS|CO|45|25.26~REF|6R|1549427176Z1~AMT|B6|134.74~CLP|6072-3814|1|135|71.11|47.6|13|5200185034 0018322221|11|1~NM1|QC|1|DHUNGANA|KUNDAN~NM1|IL|1|DHUNGANA|KUNDAN||||MI|909706781~NM1|82|1|KETHA|SUMANA||||XX|1962447805~MOA|||MA15~REF|CE|COMP BA~REF|1L|902732~DTM|050|20150911~DTM|232|20150827~AMT|AU|135~SVC|HC^99214^25|130|69.06||1~DTM|472|20150827~CAS|CO|45|13.34~CAS|PR|1|47.6~REF|6R|1550888177Z1~AMT|B6|116.66~SVC|HC^J3420|5|2.05||1~DTM|472|20150827~CAS|CO|45|2.95~REF|6R|1550888177Z2~AMT|B6|2.05~CLP|6072-3814|1|29|29||13|5200185034 0018322258|11|1~NM1|QC|1|DHUNGANA|KUNDAN~NM1|IL|1|DHUNGANA|KUNDAN||||MI|909706781~NM1|82|1|KETHA|SUMANA||||XX|1962447805~MOA|||MA15~REF|1L|902732~REF|CE|COMP BA~DTM|050|20150911~DTM|232|20150827~AMT|AU|29~SVC|HC^96372|29|29||1~DTM|472|20150827~REF|6R|1550888177Z3~AMT|B6|29~CLP|6112-3815|1|160|134.74||13|5200185035 0018343007|11|1~NM1|QC|1|DHUNGANA|TARA~NM1|IL|1|DHUNGANA|TARA||||MI|909706781~NM1|74|1||KUNDAN~NM1|82|1|KETHA|SUMANA||||XX|1962447805~REF|CE|COMP BA~REF|1L|902732~DTM|050|20150911~DTM|232|20150827~AMT|AU|160~SVC|HC^99385|160|134.74||1~DTM|472|20150827~CAS|CO|45|25.26~REF|6R|1550888179Z1~AMT|B6|134.74~SE|112|0002~ST|835|0003~BPR|I|193.32|C|CHK||||||||||||20150925~TRN|1|QC60024352|1411289245|000087726~DTM|405|20150925~N1|PR|UNITED HEALTHCARE INSURANCE COMPANY|XV|87726~N3|GREENSBORO SMALL GROUP|P O BOX 740800~N4|ATLANTA|GA|303740800~REF|2U|87726~PER|CX|GREENSBORO SMALL GROUP|TE|8778423210~N1|PE|SUMANA KETHA|XX|1063835361~N3|2925 SKYWAY CIR N~N4|IRVING|TX|750380000~REF|TJ|464596718~LX|1~TS3|1063835361|11|20151231|2|260~CLP|1462-3759|1|130|96.66|20|13|5198664102 0205456908|11|1~NM1|QC|1|KARMAKAR|ABHIJEET~NM1|IL|1|KARMAKAR|ABHIJEET||||MI|962715627~NM1|82|1|KETHA|SUMANA||||XX|1962447805~REF|1L|5U1766~REF|CE|CHOYC+~DTM|050|20150910~DTM|232|20150902~AMT|AU|130~SVC|HC^99214|130|96.66||1~DTM|472|20150902~CAS|CO|45|13.34~CAS|PR|3|20~REF|6R|1549360472Z1~AMT|B6|116.66~CLP|5040-3760|1|130|96.66|20|13|5200185038 0205516925|11|1~NM1|QC|1|KARMAKAR|SUTAPA~NM1|IL|1|KARMAKAR|SUTAPA||||MI|962715627~NM1|74|1||ABHIJEET~NM1|82|1|KETHA|SUMANA||||XX|1962447805~REF|1L|5U1766~REF|CE|CHOYC+~DTM|050|20150911~DTM|232|20150902~AMT|AU|130~SVC|HC^99214|130|96.66||1~DTM|472|20150902~CAS|CO|45|13.34~CAS|PR|3|20~REF|6R|1550859906Z1~AMT|B6|116.66~SE|47|0003~GE|3|1405~IEA|1|000001410~