ISA|00|          |00|          |ZZ|ZIRMED         |29|E12705         |151020|0910|U|00401|000001458|0|P|^~GS|HP|ZIRMED|E12705|20151020|0910|1453|X|004010X091A1~ST|835|0001~BPR|I|354.62|C|ACH|CCP|01|081517693|DA|152302017594|1205296137||01|111000025|DA|488038453432|20151020~TRN|1|891332425|1205296137~REF|EV|E12705~DTM|405|20151019~N1|PR|NOVITAS SOLUTIONS, INC.~N3|PO BOX 3110~N4|MECHANICSBURG|PA|170551826~REF|2U|04412~PER|CX||TE|8552528782~N1|PE|DFW GERIATRICS PLLC|XX|1063835361~N3|2925 SKYWAY CIRCLE NORTH~N4|IRVING|TX|750383510~REF|TJ|464596718~LX|1~CLP|316-3937|1|134|81.56|20.8|MB|2815279143600|11|1~NM1|QC|1|DAVIS|MARY||||HN|414174432A~NM1|82|1||||||XX|1962447805~MOA|||MA01~DTM|050|20151006~SVC|HC^99214^25|130|81.56||1~DTM|472|20151002~CAS|CO|45|25.98||253|1.66~CAS|PR|2|20.8~REF|6R|1570948351Z1~REF|LU|11~AMT|B6|104.02~SVC|HC^94760|4|0||||1~DTM|472|20151002~CAS|CO|50|4~REF|6R|1570948351Z2~REF|LU|11~LQ|HE|M25~LQ|HE|N115~CLP|6036-3691|1|174|109.94|28.05|MB|2815279143610|11|1~NM1|QC|1|VANDERPOL|BALVINA|O|||HN|341120251D~NM1|82|1||||||XX|1962447805~MOA|||MA01|MA15~DTM|050|20151006~SVC|HC^99215^25|174|109.94||1~DTM|472|20150702~CAS|CO|45|33.77||253|2.24~CAS|PR|2|28.05~REF|6R|1570967469Z1~REF|LU|11~AMT|B6|140.23~CLP|6036-3663|1|130|81.56|20.8|MB|2815279143620|11|1~NM1|QC|1|VANDERPOL|BALVINA|O|||HN|341120251D~NM1|82|1||||||XX|1962447805~MOA|||MA01~DTM|050|20151006~SVC|HC^99214|130|81.56||1~DTM|472|20150825~CAS|CO|45|25.98||253|1.66~CAS|PR|2|20.8~REF|6R|1570967470Z1~REF|LU|11~AMT|B6|104.02~CLP|6036-3528|1|130|81.56|20.8|MB|2815279143630|11|1~NM1|QC|1|VANDERPOL|BALVINA|O|||HN|341120251D~NM1|82|1||||||XX|1962447805~MOA|||MA01|MA15~DTM|050|20151006~SVC|HC^99214^25|130|81.56||1~DTM|472|20150730~CAS|CO|45|25.98||253|1.66~CAS|PR|2|20.8~REF|6R|1570967471Z1~REF|LU|11~AMT|B6|104.02~SE|71|0001~GE|1|1453~IEA|1|000001458~