ISA|00|          |00|          |ZZ|ZIRMED         |29|E12705         |150821|0636|U|00401|000001234|0|P|^~GS|HP|ZIRMED|E12705|20150821|0636|1229|X|004010X091A1~ST|835|0001~BPR|H|0|C|NON||||||||||||20150821~TRN|1|459637753|1205296137~REF|EV|E12705~DTM|405|20150820~N1|PR|NOVITAS SOLUTIONS, INC.~N3|PO BOX 3110~N4|MECHANICSBURG|PA|170551826~REF|2U|04412~PER|CX||TE|8552528782~N1|PE|DFW GERIATRICS PLLC|XX|1063835361~N3|2925 SKYWAY CIRCLE NORTH~N4|IRVING|TX|750383510~REF|TJ|464596718~LX|1~CLP|347-3606|1|0|0||MB|2815231728252|11|1~NM1|QC|1|SOTO|JOSE||||HN|453040927A~NM1|82|1||||||XX|1962447805~MOA|||MA130|MA15~DTM|050|20150819~SVC|HC^94760|0|0||||1~DTM|472|20150710~REF|6R|1531185426Z2~REF|LU|11~LQ|HE|M79~SE|26|0001~ST|835|0002~BPR|I|613.48|C|ACH|CCP|01|081517693|DA|152302017594|1205296137||01|111000025|DA|488038453432|20150821~TRN|1|890814485|1205296137~REF|EV|E12705~DTM|405|20150820~N1|PR|NOVITAS SOLUTIONS, INC.~N3|PO BOX 3110~N4|MECHANICSBURG|PA|170551826~REF|2U|04412~PER|CX||TE|8552528782~N1|PE|DFW GERIATRICS PLLC|XX|1063835361~N3|2925 SKYWAY CIRCLE NORTH~N4|IRVING|TX|750383510~REF|TJ|464596718~LX|1~CLP|316-3551|1|130|72.97|18.61|MB|2815219595230|11|1~NM1|QC|1|DAVIS|MARY||||HN|414174432A~NM1|82|1||||||XX|1679978068~MOA|||MA01~DTM|050|20150807~SVC|HC^99214|130|72.97||1~DTM|472|20150803~CAS|CO|45|36.93||253|1.49~CAS|PR|2|18.61~REF|6R|1520398217Z1~REF|LU|11~AMT|B6|93.07~CLP|403-3552|1|148|82.57|21.06|MB|2815219595240|11|1~NM1|QC|1|GOFF|YOLANDA||||HN|559256714A~NM1|82|1||||||XX|1679978068~MOA|||MA01~DTM|050|20150807~SVC|HC^99214^25|130|72.97||1~DTM|472|20150803~CAS|CO|45|36.93||253|1.49~CAS|PR|2|18.61~REF|6R|1520398218Z1~REF|LU|11~AMT|B6|93.07~SVC|HC^99406|18|9.6||1~DTM|472|20150803~CAS|CO|45|5.75||253|.2~CAS|PR|2|2.45~REF|6R|1520398218Z2~REF|LU|11~AMT|B6|12.25~CLP|368-3542|1|130|72.97|18.61|MB|2815219595210|11|1~NM1|QC|1|GRAY|LESLIE||||HN|467083719A~NM1|82|1||||||XX|1679978068~MOA|||MA01~DTM|050|20150807~SVC|HC^99214|130|72.97||1~DTM|472|20150728~CAS|CO|45|36.93||253|1.49~CAS|PR|2|18.61~REF|6R|1520398209Z1~REF|LU|11~AMT|B6|93.07~CLP|350-3540|19|174|98.37|25.09|MB|2815219595200|11|1~NM1|QC|1|HIGGS|CYNTHIA|G|||HN|460217469A~NM1|82|1||||||XX|1679978068~NM1|TT|2|TX HEALTH & HUMAN SERVICES COMMI|||||PI|70051~MOA|||MA01|MA07~DTM|050|20150807~SVC|HC^99215|174|98.37||1~DTM|472|20150728~CAS|CO|45|48.53||253|2.01~CAS|PR|2|25.09~REF|6R|1520398207Z1~REF|LU|11~AMT|B6|125.47~CLP|383-3537|1|130|72.97|18.61|MB|2815219595180|11|1~NM1|QC|1|HUDGINS|NANCY||||HN|509380876A~NM1|82|1||||||XX|1679978068~MOA|||MA01~DTM|050|20150807~SVC|HC^99214|130|72.97||1~DTM|472|20150728~CAS|CO|45|36.93||253|1.49~CAS|PR|2|18.61~REF|6R|1520398204Z1~REF|LU|11~AMT|B6|93.07~CLP|131-2503|22|-193|0||MB|2815062536580|31|1~NM1|QC|1|JOHNSON|GEORGE||||HN|451619160A~NM1|82|1||||||XX|1962447805~MOA|||MA01~DTM|050|20150303~SVC|HC^99306|-193|0||||1~DTM|472|20150223~CAS|CO|50|-193~REF|6R|1387336273Z1~REF|LU|31~LQ|HE|M25~LQ|HE|N102~CLP|131-2503|1|193|125.55|32.03|MB|2315189901162|31|1~NM1|QC|1|JOHNSON|GEORGE||||HN|451619160A~NM1|82|1||||||XX|1962447805~MOA|||MA01|MA67|MA15~REF|F8|452815062536580~DTM|050|20150708~SVC|HC^99306|193|125.55||1~DTM|472|20150223~CAS|CO|45|32.86||253|2.56~CAS|PR|2|32.03~REF|6R|1387336273Z1~REF|LU|31~AMT|B6|160.14~CLP|408-3539|19|130|72.97|18.61|MB|2815219595190|11|1~NM1|QC|1|JOHNSON|LINDA||||HN|467634822M~NM1|82|1||||||XX|1679978068~NM1|TT|2|TX HEALTH & HUMAN SERVICES COMMI|||||PI|70051~MOA|||MA01|MA07~DTM|050|20150807~SVC|HC^99214|130|72.97||1~DTM|472|20150728~CAS|CO|45|36.93||253|1.49~CAS|PR|2|18.61~REF|6R|1520398206Z1~REF|LU|11~AMT|B6|93.07~CLP|314-3546|1|24|15.11|3.85|MB|2815219595220|11|1~NM1|QC|1|PALMER|LARRY||||HN|382562993A~NM1|82|1||||||XX|1962447805~MOA|||MA01~DTM|050|20150807~SVC|HC^99211|24|15.11||1~DTM|472|20150803~CAS|CO|45|4.73||253|.31~CAS|PR|2|3.85~REF|6R|1520398212Z1~REF|LU|11~AMT|B6|19.27~SE|134|0002~GE|2|1229~IEA|1|000001234~