ISA|00|          |00|          |ZZ|ZIRMED         |29|E12705         |150306|0422|U|00401|000000694|0|P|^~GS|HP|ZIRMED|E12705|20150306|0422|689|X|004010X091A1~ST|835|0001~BPR|H|0|C|NON||||||||||||20150306~TRN|1|458843587|1205296137~REF|EV|E12705~DTM|405|20150305~N1|PR|NOVITAS SOLUTIONS, INC.~N3|PO BOX 3110~N4|MECHANICSBURG|PA|170551826~REF|2U|04412~PER|CX||TE|8552528782~N1|PE|DFW GERIATRICS PLLC|XX|1063835361~N3|2925 SKYWAY CIRCLE NORTH~N4|IRVING|TX|750383510~REF|TJ|464596718~LX|1~CLP|286-2522|4|104|0||MB|2815063621330|32|1~NM1|QC|1|TOMMY|GERMANY|L|||HN|456642617M~NM1|82|1||||||XX|1962447805~MOA|||MA130|MA61~DTM|050|20150304~SVC|HC^99309|104|0||||1~DTM|472|20150205~CAS|CO|140|104~REF|LU|32~REF|6R|1388417722Z1~LQ|HE|MA130~LQ|HE|MA61~CLP|143-2343|1|104|0||MB|2815063621130|32|1~NM1|QC|1|JOHNSON|GEORGIA||||HN|360420759M~NM1|82|1||||||XX|1962447805~MOA|||MA01~DTM|050|20150304~SVC|HC^99309|104|0||||1~DTM|472|20150126~CAS|OA|18|104~REF|LU|32~REF|6R|1388391251Z1~LQ|HE|N522~CLP|237-807|1|120|0||MB|2914352073480|21|1~NM1|QC|1|MILLER|CYNTHIA||||HN|359547702A~NM1|82|1||||||XX|1962447805~MOA|||MA01~DTM|050|20141218~SVC|HC^99233|120|0||||1~DTM|472|20140928~CAS|CO|50|120~REF|LU|21~REF|6R|1323795500Z1~LQ|HE|M25~LQ|HE|N102~CLP|173-2494|1|51|0||MB|2815063621200|32|1~NM1|QC|1|MITCHELL|CARL|W|||HN|449686350A~NM1|82|1||||||XX|1962447805~MOA|||MA01~DTM|050|20150304~SVC|HC^99307|51|0||||1~DTM|472|20150212~CAS|OA|18|51~REF|LU|32~REF|6R|1388403693Z1~LQ|HE|N522~CLP|346-2126|4|104|0||MB|2815063621110|32|1~NM1|QC|1|LUIS|SALDANA||||HN|465977738A~NM1|82|1||||||XX|1962447805~MOA|||MA130|MA61~DTM|050|20150304~SVC|HC^99309|104|0||||1~DTM|472|20150121~CAS|CO|140|104~REF|LU|32~REF|6R|1388391249Z1~LQ|HE|MA130~LQ|HE|MA61~CLP|346-2531|4|51|0||MB|2815063621430|32|1~NM1|QC|1|LUIS|SALDANA||||HN|465977738A~NM1|82|1||||||XX|1962447805~MOA|||MA130|MA61~DTM|050|20150304~SVC|HC^99307|51|0||||1~DTM|472|20150205~CAS|CO|140|51~REF|LU|32~REF|6R|1388417732Z1~LQ|HE|MA130~LQ|HE|MA61~CLP|346-2540|4|104|0||MB|2815063621470|32|1~NM1|QC|1|LUIS|SALDANA||||HN|465977738A~NM1|82|1||||||XX|1962447805~MOA|||MA130|MA61~DTM|050|20150304~SVC|HC^99309|104|0||||1~DTM|472|20150216~CAS|CO|140|104~REF|LU|32~REF|6R|1388425340Z1~LQ|HE|MA130~LQ|HE|MA61~CLP|371-2537|4|121|0||MB|2815063621310|31|1~NM1|QC|1|MERRIE|STEVENS|G|||HN|449068942A~NM1|82|1||||||XX|1962447805~MOA|||MA130|MA61~DTM|050|20150304~SVC|HC^99316|121|0||||1~DTM|472|20150212~CAS|CO|140|121~REF|LU|31~REF|6R|1388403727Z1~LQ|HE|MA130~LQ|HE|MA61~SE|110|0001~ST|835|0002~BPR|I|6135.06|C|ACH|CCP|01|081517693|DA|152302017594|1205296137||01|111000025|DA|488038453432|20150306~TRN|1|889724636|1205296137~REF|EV|E12705~DTM|405|20150305~N1|PR|NOVITAS SOLUTIONS, INC.~N3|PO BOX 3110~N4|MECHANICSBURG|PA|170551826~REF|2U|04412~PER|CX||TE|8552528782~N1|PE|DFW GERIATRICS PLLC|XX|1063835361~N3|2925 SKYWAY CIRCLE NORTH~N4|IRVING|TX|750383510~REF|TJ|464596718~LX|1~CLP|326-2305|19|104|61.37|15.66|MB|2815051846560|31|1~NM1|QC|1|ALARCON|LIRA||||HN|137500513D~NM1|82|1||||||XX|1952303547~NM1|TT|2|TX HEALTH & HUMAN SERVICES COMMI|||||PI|70051~MOA|||MA01|MA07~DTM|050|20150220~SVC|HC^99309|104|61.37||1~DTM|472|20150119~CAS|CO|45|25.72||253|1.25~CAS|PR|2|15.66~REF|LU|31~REF|6R|1378192913Z1~AMT|B6|78.28~CLP|326-2273|19|51|29.99|7.65|MB|2815051846630|31|1~NM1|QC|1|ALARCON|LIRA||||HN|137500513D~NM1|82|1||||||XX|1952303547~NM1|TT|2|TX HEALTH & HUMAN SERVICES COMMI|||||PI|70051~MOA|||MA01|MA07~DTM|050|20150220~SVC|HC^99307|51|29.99||1~DTM|472|20150126~CAS|CO|45|12.75||253|.61~CAS|PR|2|7.65~REF|LU|31~REF|6R|1378201707Z1~AMT|B6|38.25~CLP|7-2348|19|104|68.59|17.5|MB|2815051846790|32|1~NM1|QC|1|BACCUS|MARILYN|D|||HN|466179221T~NM1|82|1||||||XX|1962447805~NM1|TT|2|TX HEALTH & HUMAN SERVICES COMMI|||||PI|70051~MOA|||MA01|MA07~DTM|050|20150220~SVC|HC^99309|104|68.59||1~DTM|472|20150126~CAS|CO|45|16.51||253|1.4~CAS|PR|2|17.5~REF|LU|32~REF|6R|1378201723Z1~AMT|B6|87.49~CLP|7-2355|19|79|51.8|13.21|MB|2815051847220|32|1~NM1|QC|1|BACCUS|MARILYN|D|||HN|466179221T~NM1|82|1||||||XX|1962447805~NM1|TT|2|TX HEALTH & HUMAN SERVICES COMMI|||||PI|70051~MOA|||MA01|MA07~DTM|050|20150220~SVC|HC^99308|79|51.8||1~DTM|472|20141203~CAS|CO|45|12.93||253|1.06~CAS|PR|2|13.21~REF|LU|32~REF|6R|1378285722Z1~AMT|B6|66.07~CLP|159-2391|19|109|63.99|16.33|MB|2815051847060|33|1~NM1|QC|1|BARKER|M|L|||HN|450422259A~NM1|82|1||||||XX|1952303547~NM1|TT|2|TX HEALTH & HUMAN SERVICES COMMI|||||PI|70051~MOA|||MA01|MA07~DTM|050|20150220~SVC|HC^99335|109|63.99||1~DTM|472|20150129~CAS|CO|45|27.37||253|1.31~CAS|PR|2|16.33~REF|LU|33~REF|6R|1378249858Z1~AMT|B6|81.63~CLP|278-2300|19|222|129.65|33.07|MB|2815051846520|33|1~NM1|QC|1|BARNETT|WALTER|L|||HN|458342969A~NM1|82|1||||||XX|1952303547~NM1|TT|2|SIERRA HEALTH & LIFE INSURANCE C|||||PI|30096~MOA|||MA01|MA18~DTM|050|20150220~SVC|HC^99337|222|129.65||1~DTM|472|20150119~CAS|CO|45|56.63||253|2.65~CAS|PR|2|33.07~REF|LU|33~REF|6R|1378192908Z1~AMT|B6|165.37~CLP|10-2315|19|51|33.58|8.57|MB|2815051847340|32|1~NM1|QC|1|BENNETT|HARRAL||||HN|450600318A~NM1|82|1||||||XX|1962447805~NM1|TT|2|TX HEALTH & HUMAN SERVICES COMMI|||||PI|70051~MOA|||MA01|MA07~DTM|050|20150220~SVC|HC^99307|51|33.58||1~DTM|472|20141208~CAS|CO|45|8.16||253|.69~CAS|PR|2|8.57~REF|LU|32~REF|6R|1378304419Z1~AMT|B6|42.84~CLP|10-2371|19|104|68.25|17.41|MB|2815051847560|32|1~NM1|QC|1|BENNETT|HARRAL||||HN|450600318A~NM1|82|1||||||XX|1962447805~NM1|TT|2|TX HEALTH & HUMAN SERVICES COMMI|||||PI|70051~MOA|||MA01|MA07~DTM|050|20150220~SVC|HC^99309|104|68.25||1~DTM|472|20141211~CAS|CO|45|16.95||253|1.39~CAS|PR|2|17.41~REF|LU|32~REF|6R|1378325583Z1~AMT|B6|87.05~CLP|183-2295|19|109|39.97|40.84|MB|2815051846820|33|1~NM1|QC|1|BERRY|PAULINE|M|||HN|462524013A~NM1|82|1||||||XX|1952303547~NM1|TT|2|TX HEALTH & HUMAN SERVICES COMMI|||||PI|70051~MOA|||MA01|MA07~DTM|050|20150220~SVC|HC^99335|109|39.97||1~DTM|472|20150127~CAS|CO|45|27.37||253|.82~CAS|PR|1|30.64||2|10.2~REF|LU|33~REF|6R|1378206456Z1~AMT|B6|81.63~CLP|15-2342|19|104|68.59|17.5|MB|2815051846730|32|1~NM1|QC|1|BOOKER|ROY|G|||HN|458824469M~NM1|82|1||||||XX|1962447805~NM1|TT|2|TX HEALTH & HUMAN SERVICES COMMI|||||PI|70051~MOA|||MA01|MA07~DTM|050|20150220~SVC|HC^99309|104|68.59||1~DTM|472|20150126~CAS|CO|45|16.51||253|1.4~CAS|PR|2|17.5~REF|LU|32~REF|6R|1378201717Z1~AMT|B6|87.49~CLP|15-2369|19|51|33.58|8.57|MB|2815051847540|32|1~NM1|QC|1|BOOKER|ROY|G|||HN|458824469M~NM1|82|1||||||XX|1962447805~NM1|TT|2|TX HEALTH & HUMAN SERVICES COMMI|||||PI|70051~MOA|||MA01|MA07~DTM|050|20150220~SVC|HC^99307|51|33.58||1~DTM|472|20141211~CAS|CO|45|8.16||253|.69~CAS|PR|2|8.57~REF|LU|32~REF|6R|1378325581Z1~AMT|B6|42.84~CLP|139-2386|19|109|63.99|16.33|MB|2815051847010|33|1~NM1|QC|1|BUTNER|JOANN||||HN|457565807A~NM1|82|1||||||XX|1952303547~NM1|TT|2|HCSC-BCBS OF TX-FEP B ONLY|||||PI|80012~MOA|||MA01|MA18~DTM|050|20150220~SVC|HC^99335|109|63.99||1~DTM|472|20150129~CAS|CO|45|27.37||253|1.31~CAS|PR|2|16.33~REF|LU|33~REF|6R|1378249853Z1~AMT|B6|81.63~CLP|361-2306|19|51|29.99|7.65|MB|2815051846570|31|1~NM1|QC|1|CAMERON|GLENNA|K|||HN|441328979A~NM1|82|1||||||XX|1952303547~NM1|TT|2|WPS - TRICARE FOR LIFE|||||PI|60000~MOA|||MA01|MA18~DTM|050|20150220~SVC|HC^99307|51|29.99||1~DTM|472|20150119~CAS|CO|45|12.75||253|.61~CAS|PR|2|7.65~REF|LU|31~REF|6R|1378192915Z1~AMT|B6|38.25~CLP|361-2298|19|104|61.37|15.66|MB|2815051846850|31|1~NM1|QC|1|CAMERON|GLENNA|K|||HN|441328979A~NM1|82|1||||||XX|1952303547~NM1|TT|2|WPS - TRICARE FOR LIFE|||||PI|60000~MOA|||MA01|MA18~DTM|050|20150220~SVC|HC^99309|104|61.37||1~DTM|472|20150127~CAS|CO|45|25.72||253|1.25~CAS|PR|2|15.66~REF|LU|31~REF|6R|1378206459Z1~AMT|B6|78.28~CLP|387-2378|1|155|91.26|23.28|MB|2815051846930|31|1~NM1|QC|1|CAMPBELL|FAYE||||HN|458500080D~NM1|82|1||||||XX|1952303547~MOA|||MA01~DTM|050|20150220~SVC|HC^99310|155|91.26||1~DTM|472|20150128~CAS|CO|45|38.6||253|1.86~CAS|PR|2|23.28~REF|LU|31~REF|6R|1378242972Z1~AMT|B6|116.4~CLP|332-2303|19|104|61.37|15.66|MB|2815051846540|31|1~NM1|QC|1|CARR|BILLIE|J|||HN|410241976D~NM1|82|1||||||XX|1952303547~NM1|TT|2|UNITEDHEALTH GROUP|||||PI|30002~MOA|||MA01|MA18~DTM|050|20150220~SVC|HC^99309|104|61.37||1~DTM|472|20150119~CAS|CO|45|25.72||253|1.25~CAS|PR|2|15.66~REF|LU|31~REF|6R|1378192911Z1~AMT|B6|78.28~CLP|332-2297|19|104|61.37|15.66|MB|2815051846840|31|1~NM1|QC|1|CARR|BILLIE|J|||HN|410241976D~NM1|82|1||||||XX|1952303547~NM1|TT|2|UNITEDHEALTH GROUP|||||PI|30002~MOA|||MA01|MA18~DTM|050|20150220~SVC|HC^99309|104|61.37||1~DTM|472|20150127~CAS|CO|45|25.72||253|1.25~CAS|PR|2|15.66~REF|LU|31~REF|6R|1378206458Z1~AMT|B6|78.28~CLP|117-2377|19|222|129.65|33.07|MB|2815051846920|33|1~NM1|QC|1|CHANCE|EUGENIA||||HN|466209252D~NM1|82|1||||||XX|1952303547~NM1|TT|2|TX HEALTH & HUMAN SERVICES COMMI|||||PI|70051~MOA|||MA01|MA07~DTM|050|20150220~SVC|HC^99337|222|129.65||1~DTM|472|20150128~CAS|CO|45|56.63||253|2.65~CAS|PR|2|33.07~REF|LU|33~REF|6R|1378242969Z1~AMT|B6|165.37~CLP|324-2296|19|222|129.65|33.07|MB|2815051846830|33|1~NM1|QC|1|CHOI|YOUNG|S|||HN|188661000M~NM1|82|1||||||XX|1952303547~NM1|TT|2|TX HEALTH & HUMAN SERVICES COMMI|||||PI|70051~MOA|||MA01|MA07~DTM|050|20150220~SVC|HC^99337|222|129.65||1~DTM|472|20150127~CAS|CO|45|56.63||253|2.65~CAS|PR|2|33.07~REF|LU|33~REF|6R|1378206457Z1~AMT|B6|165.37~CLP|92-2357|19|79|51.8|13.21|MB|2815051847240|32|1~NM1|QC|1|COLLINS|VELMA||||HN|449463498D~NM1|82|1||||||XX|1962447805~NM1|TT|2|TX HEALTH & HUMAN SERVICES COMMI|||||PI|70051~MOA|||MA01|MA07~DTM|050|20150220~SVC|HC^99308|79|51.8||1~DTM|472|20141203~CAS|CO|45|12.93||253|1.06~CAS|PR|2|13.21~REF|LU|32~REF|6R|1378285724Z1~AMT|B6|66.07~CLP|336-2301|19|104|61.37|15.66|MB|2815051846530|31|1~NM1|QC|1|COMPTON|HELEN|F|||HN|570307026A~NM1|82|1||||||XX|1952303547~NM1|TT|2|NORTH AMERICAN INSURANCE COMPANY|||||PI|30155~MOA|||MA01|MA18~DTM|050|20150220~SVC|HC^99309|104|61.37||1~DTM|472|20150119~CAS|CO|45|25.72||253|1.25~CAS|PR|2|15.66~REF|LU|31~REF|6R|1378192909Z1~AMT|B6|78.28~CLP|336-2277|19|104|61.37|15.66|MB|2815051846670|31|1~NM1|QC|1|COMPTON|HELEN|F|||HN|570307026A~NM1|82|1||||||XX|1952303547~NM1|TT|2|NORTH AMERICAN INSURANCE COMPANY|||||PI|30155~MOA|||MA01|MA18~DTM|050|20150220~SVC|HC^99309|104|61.37||1~DTM|472|20150126~CAS|CO|45|25.72||253|1.25~CAS|PR|2|15.66~REF|LU|31~REF|6R|1378201711Z1~AMT|B6|78.28~CLP|298-2310|1|104|61.37|15.66|MB|2815051846590|31|1~NM1|QC|1|COX|DOROTHY||||HN|451013622D~NM1|82|1||||||XX|1952303547~MOA|||MA01~DTM|050|20150220~SVC|HC^99309|104|61.37||1~DTM|472|20150119~CAS|CO|45|25.72||253|1.25~CAS|PR|2|15.66~REF|LU|31~REF|6R|1378192918Z1~AMT|B6|78.28~CLP|94-2338|19|104|68.59|17.5|MB|2815051846690|32|1~NM1|QC|1|CRENSHAW|RAYMOND||||HN|449505453M~NM1|82|1||||||XX|1962447805~NM1|TT|2|TX HEALTH & HUMAN SERVICES COMMI|||||PI|70051~MOA|||MA01|MA07~DTM|050|20150220~SVC|HC^99309|104|68.59||1~DTM|472|20150126~CAS|CO|45|16.51||253|1.4~CAS|PR|2|17.5~REF|LU|32~REF|6R|1378201713Z1~AMT|B6|87.49~CLP|95-2318|19|79|51.8|13.21|MB|2815051847440|31|1~NM1|QC|1|DAILY|TOM|A|||HN|467645645A~NM1|82|1||||||XX|1962447805~NM1|TT|2|TX HEALTH & HUMAN SERVICES COMMI|||||PI|70051~MOA|||MA01|MA07~DTM|050|20150220~SVC|HC^99308|79|51.8||1~DTM|472|20141209~CAS|CO|45|12.93||253|1.06~CAS|PR|2|13.21~REF|LU|31~REF|6R|1378320638Z1~AMT|B6|66.07~CLP|389-2406|1|193|125.55|32.03|MB|2815051847170|31|1~NM1|QC|1|DAMM|KATHLEEN||||HN|473785415A~NM1|82|1||||||XX|1962447805~MOA|||MA01~DTM|050|20150220~SVC|HC^99306|193|125.55||1~DTM|472|20150203~CAS|CO|45|32.86||253|2.56~CAS|PR|2|32.03~REF|LU|31~REF|6R|1378268912Z1~AMT|B6|160.14~CLP|363-2302|19|104|61.37|15.66|MB|2815051846870|31|1~NM1|QC|1|DAY|MARY|E|||HN|449605166A~NM1|82|1||||||XX|1952303547~NM1|TT|2|MUTUAL OF OMAHA INSURANCE COMP|||||PI|30090~MOA|||MA01|MA18~DTM|050|20150220~SVC|HC^99309|104|61.37||1~DTM|472|20150119~CAS|CO|45|25.72||253|1.25~CAS|PR|2|15.66~REF|LU|31~REF|6R|1378210547Z1~AMT|B6|78.28~CLP|98-2375|19|193|126.15|32.18|MB|2815051847510|32|1~NM1|QC|1|DELUNA|DAVID||||HN|466927987A~NM1|82|1||||||XX|1962447805~NM1|TT|2|TX HEALTH & HUMAN SERVICES COMMI|||||PI|70051~MOA|||MA01|MA27|MA07~DTM|050|20150220~SVC|HC^99306|193|126.15||1~DTM|472|20141209~CAS|CO|45|32.1||253|2.57~CAS|PR|2|32.18~REF|LU|32~REF|6R|1378320645Z1~AMT|B6|160.9~CLP|251-2358|1|79|51.8|13.21|MB|2815051847250|32|1~NM1|QC|1|DURHAM|EMANUEL||||HN|454787983A~NM1|82|1||||||XX|1962447805~MOA|||MA01~DTM|050|20150220~SVC|HC^99308|79|51.8||1~DTM|472|20141203~CAS|CO|45|12.93||253|1.06~CAS|PR|2|13.21~REF|LU|32~REF|6R|1378285725Z1~AMT|B6|66.07~CLP|108-2323|19|79|51.8|13.21|MB|2815051847480|31|1~NM1|QC|1|EGBUNIWE|GEORGE|I|||HN|456154959A~NM1|82|1||||||XX|1962447805~NM1|TT|2|TX HEALTH & HUMAN SERVICES COMMI|||||PI|70051~MOA|||MA01|MA07~DTM|050|20150220~SVC|HC^99308|79|51.8||1~DTM|472|20141209~CAS|CO|45|12.93||253|1.06~CAS|PR|2|13.21~REF|LU|31~REF|6R|1378320642Z1~AMT|B6|66.07~CLP|110-2365|19|51|33.58|8.57|MB|2815051847310|32|1~NM1|QC|1|ELLIS|JOHNNY|R|||HN|455964775A~NM1|82|1||||||XX|1962447805~NM1|TT|2|TX HEALTH & HUMAN SERVICES COMMI|||||PI|70051~MOA|||MA01|MA07~DTM|050|20150220~SVC|HC^99307|51|33.58||1~DTM|472|20141203~CAS|CO|45|8.16||253|.69~CAS|PR|2|8.57~REF|LU|32~REF|6R|1378285732Z1~AMT|B6|42.84~CLP|110-2353|19|51|33.58|8.57|MB|2815051847630|31|1~NM1|QC|1|ELLIS|JOHNNY|R|||HN|455964775A~NM1|82|1||||||XX|1962447805~NM1|TT|2|TX HEALTH & HUMAN SERVICES COMMI|||||PI|70051~MOA|||MA01|MA07~DTM|050|20150220~SVC|HC^99307|51|33.58||1~DTM|472|20141215~CAS|CO|45|8.16||253|.69~CAS|PR|2|8.57~REF|LU|31~REF|6R|1378329894Z1~AMT|B6|42.84~CLP|388-2404|19|193|125.55|32.03|MB|2815051847140|31|1~NM1|QC|1|ESTES|BARBARA|L|||HN|253402873D~NM1|82|1||||||XX|1962447805~NM1|TT|2|WPS - TRICARE FOR LIFE|||||PI|60000~MOA|||MA01|MA18~DTM|050|20150220~SVC|HC^99306|193|125.55||1~DTM|472|20150129~CAS|CO|45|32.86||253|2.56~CAS|PR|2|32.03~REF|LU|31~REF|6R|1378249866Z1~AMT|B6|160.14~CLP|388-2405|19|104|68.59|17.5|MB|2815051847160|31|1~NM1|QC|1|ESTES|BARBARA|L|||HN|253402873D~NM1|82|1||||||XX|1962447805~NM1|TT|2|WPS - TRICARE FOR LIFE|||||PI|60000~MOA|||MA01|MA18~DTM|050|20150220~SVC|HC^99309|104|68.59||1~DTM|472|20150203~CAS|CO|45|16.51||253|1.4~CAS|PR|2|17.5~REF|LU|31~REF|6R|1378268911Z1~AMT|B6|87.49~CLP|147-2340|19|104|68.59|17.5|MB|2815051846710|32|1~NM1|QC|1|FIELDS|JOYCE||||HN|450487270A~NM1|82|1||||||XX|1962447805~NM1|TT|2|TX HEALTH & HUMAN SERVICES COMMI|||||PI|70051~MOA|||MA01|MA07~DTM|050|20150220~SVC|HC^99309|104|68.59||1~DTM|472|20150126~CAS|CO|45|16.51||253|1.4~CAS|PR|2|17.5~REF|LU|32~REF|6R|1378201715Z1~AMT|B6|87.49~CLP|127-2333|19|104|68.25|17.41|MB|2815051847400|32|1~NM1|QC|1|GALIMORE|FELIXD||||HN|439522668A~NM1|82|1||||||XX|1962447805~NM1|TT|2|TX HEALTH & HUMAN SERVICES COMMI|||||PI|70051~MOA|||MA01|MA07~DTM|050|20150220~SVC|HC^99309|104|68.25||1~DTM|472|20141208~CAS|CO|45|16.95||253|1.39~CAS|PR|2|17.41~REF|LU|32~REF|6R|1378304425Z1~AMT|B6|87.05~CLP|127-2354|19|51|33.58|8.57|MB|2815051847640|32|1~NM1|QC|1|GALIMORE|FELIXD||||HN|439522668A~NM1|82|1||||||XX|1962447805~NM1|TT|2|TX HEALTH & HUMAN SERVICES COMMI|||||PI|70051~MOA|||MA01|MA07~DTM|050|20150220~SVC|HC^99307|51|33.58||1~DTM|472|20141215~CAS|CO|45|8.16||253|.69~CAS|PR|2|8.57~REF|LU|32~REF|6R|1378329895Z1~AMT|B6|42.84~CLP|128-2352|19|51|33.58|8.57|MB|2815051847620|32|1~NM1|QC|1|GARCIA|HERALDO||||HN|458840277A~NM1|82|1||||||XX|1962447805~NM1|TT|2|TX HEALTH & HUMAN SERVICES COMMI|||||PI|70051~MOA|||MA01|MA07~DTM|050|20150220~SVC|HC^99307|51|33.58||1~DTM|472|20141215~CAS|CO|45|8.16||253|.69~CAS|PR|2|8.57~REF|LU|32~REF|6R|1378329893Z1~AMT|B6|42.84~CLP|61-2389|19|109|63.99|16.33|MB|2815051847040|33|1~NM1|QC|1|GEER|VIRGINIA|L|||HN|449448951D~NM1|82|1||||||XX|1952303547~NM1|TT|2|SIERRA HEALTH & LIFE INSURANCE C|||||PI|30096~MOA|||MA01|MA18~DTM|050|20150220~SVC|HC^99335|109|63.99||1~DTM|472|20150129~CAS|CO|45|27.37||253|1.31~CAS|PR|2|16.33~REF|LU|33~REF|6R|1378249856Z1~AMT|B6|81.63~CLP|261-2374|19|104|68.25|17.41|MB|2815051847590|32|1~NM1|QC|1|HARPER|JOE|M|||HN|452825305M~NM1|82|1||||||XX|1962447805~NM1|TT|2|TX HEALTH & HUMAN SERVICES COMMI|||||PI|70051~MOA|||MA01|MA07~DTM|050|20150220~SVC|HC^99309|104|68.25||1~DTM|472|20141211~CAS|CO|45|16.95||253|1.39~CAS|PR|2|17.41~REF|LU|32~REF|6R|1378325586Z1~AMT|B6|87.05~CLP|76-2372|19|104|68.25|17.41|MB|2815051847570|32|1~NM1|QC|1|HARPER|OLIN|J|||HN|456603904A~NM1|82|1||||||XX|1962447805~NM1|TT|2|TX HEALTH & HUMAN SERVICES COMMI|||||PI|70051~MOA|||MA01|MA07~DTM|050|20150220~SVC|HC^99309|104|68.25||1~DTM|472|20141211~CAS|CO|45|16.95||253|1.39~CAS|PR|2|17.41~REF|LU|32~REF|6R|1378325584Z1~AMT|B6|87.05~CLP|220-2325|19|79|51.8|13.21|MB|2815051847500|31|1~NM1|QC|1|HOLCOMB|MICKEY|S|||HN|452969456M~NM1|82|1||||||XX|1962447805~NM1|TT|2|TX HEALTH & HUMAN SERVICES COMMI|||||PI|70051~MOA|||MA01|MA07~DTM|050|20150220~SVC|HC^99308|79|51.8||1~DTM|472|20141209~CAS|CO|45|12.93||253|1.06~CAS|PR|2|13.21~REF|LU|31~REF|6R|1378320644Z1~AMT|B6|66.07~CLP|53-2337|19|104|68.59|17.5|MB|2815051846680|32|1~NM1|QC|1|HOLLAND|TRUDY||||HN|465045111A~NM1|82|1||||||XX|1962447805~NM1|TT|2|TX HEALTH & HUMAN SERVICES COMMI|||||PI|70051~MOA|||MA01|MA07~DTM|050|20150220~SVC|HC^99309|104|68.59||1~DTM|472|20150126~CAS|CO|45|16.51||253|1.4~CAS|PR|2|17.5~REF|LU|32~REF|6R|1378201712Z1~AMT|B6|87.49~CLP|53-2359|19|79|51.8|13.21|MB|2815051847260|32|1~NM1|QC|1|HOLLAND|TRUDY||||HN|465045111A~NM1|82|1||||||XX|1962447805~NM1|TT|2|TX HEALTH & HUMAN SERVICES COMMI|||||PI|70051~MOA|||MA01|MA07~DTM|050|20150220~SVC|HC^99308|79|51.8||1~DTM|472|20141203~CAS|CO|45|12.93||253|1.06~CAS|PR|2|13.21~REF|LU|32~REF|6R|1378285726Z1~AMT|B6|66.07~CLP|219-2319|19|79|51.8|13.21|MB|2815051847430|31|1~NM1|QC|1|HOOVER|MINNIE|B|||HN|465549405M~NM1|82|1||||||XX|1962447805~NM1|TT|2|TX HEALTH & HUMAN SERVICES COMMI|||||PI|70051~MOA|||MA01|MA07~DTM|050|20150220~SVC|HC^99308|79|51.8||1~DTM|472|20141209~CAS|CO|45|12.93||253|1.06~CAS|PR|2|13.21~REF|LU|31~REF|6R|1378320637Z1~AMT|B6|66.07~CLP|327-2276|19|104|61.37|15.66|MB|2815051846660|31|1~NM1|QC|1|HYDE|MARY|E|||HN|441036732D~NM1|82|1||||||XX|1952303547~NM1|TT|2|WPS - TRICARE FOR LIFE|||||PI|60000~MOA|||MA01|MA18~DTM|050|20150220~SVC|HC^99309|104|61.37||1~DTM|472|20150126~CAS|CO|45|25.72||253|1.25~CAS|PR|2|15.66~REF|LU|31~REF|6R|1378201710Z1~AMT|B6|78.28~CLP|327-2311|19|104|61.37|15.66|MB|2815051846880|31|1~NM1|QC|1|HYDE|MARY|E|||HN|441036732D~NM1|82|1||||||XX|1952303547~NM1|TT|2|WPS - TRICARE FOR LIFE|||||PI|60000~MOA|||MA01|MA18~DTM|050|20150220~SVC|HC^99309|104|61.37||1~DTM|472|20150119~CAS|CO|45|25.72||253|1.25~CAS|PR|2|15.66~REF|LU|31~REF|6R|1378222864Z1~AMT|B6|78.28~CLP|327-2379|19|104|61.37|15.66|MB|2815051846940|31|1~NM1|QC|1|HYDE|MARY|E|||HN|441036732D~NM1|82|1||||||XX|1952303547~NM1|TT|2|WPS - TRICARE FOR LIFE|||||PI|60000~MOA|||MA01|MA18~DTM|050|20150220~SVC|HC^99309|104|61.37||1~DTM|472|20150128~CAS|CO|45|25.72||253|1.25~CAS|PR|2|15.66~REF|LU|31~REF|6R|1378242974Z1~AMT|B6|78.28~CLP|364-2307|19|104|61.37|15.66|MB|2815051846890|31|1~NM1|QC|1|JACKSON|MARIAN||||HN|463181950D~NM1|82|1||||||XX|1952303547~NM1|TT|2|AETNA, INC.|||||PI|00060~MOA|||MA01|MA18~DTM|050|20150220~SVC|HC^99309|104|61.37||1~DTM|472|20150119~CAS|CO|45|25.72||253|1.25~CAS|PR|2|15.66~REF|LU|31~REF|6R|1378236347Z1~AMT|B6|78.28~CLP|364-2272|19|104|61.37|15.66|MB|2815051847180|31|1~NM1|QC|1|JACKSON|MARIAN||||HN|463181950D~NM1|82|1||||||XX|1952303547~NM1|TT|2|AETNA, INC.|||||PI|00060~MOA|||MA01|MA18~DTM|050|20150220~SVC|HC^99309|104|61.37||1~DTM|472|20150126~CAS|CO|45|25.72||253|1.25~CAS|PR|2|15.66~REF|LU|31~REF|6R|1378269593Z1~AMT|B6|78.28~CLP|136-2332|19|104|68.25|17.41|MB|2815051847390|32|1~NM1|QC|1|JEFFERY|JOHN|H|||HN|467644818A~NM1|82|1||||||XX|1962447805~NM1|TT|2|TX HEALTH & HUMAN SERVICES COMMI|||||PI|70051~MOA|||MA01|MA07~DTM|050|20150220~SVC|HC^99309|104|68.25||1~DTM|472|20141208~CAS|CO|45|16.95||253|1.39~CAS|PR|2|17.41~REF|LU|32~REF|6R|1378304424Z1~AMT|B6|87.05~CLP|131-2334|19|104|68.25|17.41|MB|2815051847650|32|1~NM1|QC|1|JOHNSON|GEORGE||||HN|451619160A~NM1|82|1||||||XX|1962447805~NM1|TT|2|TX HEALTH & HUMAN SERVICES COMMI|||||PI|70051~MOA|||MA01|MA07~DTM|050|20150220~SVC|HC^99309|104|68.25||1~DTM|472|20141208~CAS|CO|45|16.95||253|1.39~CAS|PR|2|17.41~REF|LU|32~REF|6R|1378339140Z1~AMT|B6|87.05~CLP|143-2343|19|104|68.59|17.5|MB|2815051846740|32|1~NM1|QC|1|JOHNSON|GEORGIA||||HN|360420759M~NM1|82|1||||||XX|1962447805~NM1|TT|2|TX HEALTH & HUMAN SERVICES COMMI|||||PI|70051~MOA|||MA01|MA07~DTM|050|20150220~SVC|HC^99309|104|68.59||1~DTM|472|20150126~CAS|CO|45|16.51||253|1.4~CAS|PR|2|17.5~REF|LU|32~REF|6R|1378201718Z1~AMT|B6|87.49~CLP|143-2326|19|79|51.8|13.21|MB|2815051847200|32|1~NM1|QC|1|JOHNSON|GEORGIA||||HN|360420759M~NM1|82|1||||||XX|1962447805~NM1|TT|2|TX HEALTH & HUMAN SERVICES COMMI|||||PI|70051~MOA|||MA01|MA07~DTM|050|20150220~SVC|HC^99308|79|51.8||1~DTM|472|20141103~CAS|CO|45|12.93||253|1.06~CAS|PR|2|13.21~REF|LU|32~REF|6R|1378280900Z1~AMT|B6|66.07~CLP|143-2360|19|79|51.8|13.21|MB|2815051847270|32|1~NM1|QC|1|JOHNSON|GEORGIA||||HN|360420759M~NM1|82|1||||||XX|1962447805~NM1|TT|2|TX HEALTH & HUMAN SERVICES COMMI|||||PI|70051~MOA|||MA01|MA07~DTM|050|20150220~SVC|HC^99308|79|51.8||1~DTM|472|20141203~CAS|CO|45|12.93||253|1.06~CAS|PR|2|13.21~REF|LU|32~REF|6R|1378285727Z1~AMT|B6|66.07~CLP|360-2313|19|104|61.37|15.66|MB|2815051846610|31|1~NM1|QC|1|JOHNSTON|CLEORA||||HN|159149272D~NM1|82|1||||||XX|1952303547~NM1|TT|2|UNITEDHEALTH GROUP|||||PI|30002~MOA|||MA01|MA18~DTM|050|20150220~SVC|HC^99309|104|61.37||1~DTM|472|20150119~CAS|CO|45|25.72||253|1.25~CAS|PR|2|15.66~REF|LU|31~REF|6R|1378192921Z1~AMT|B6|78.28~CLP|144-2385|19|109|63.99|16.33|MB|2815051847000|33|1~NM1|QC|1|JONES|FRANCES|C|||HN|254282932D6~NM1|82|1||||||XX|1952303547~NM1|TT|2|UNITEDHEALTH GROUP|||||PI|30002~MOA|||MA01|MA18~DTM|050|20150220~SVC|HC^99335|109|63.99||1~DTM|472|20150129~CAS|CO|45|27.37||253|1.31~CAS|PR|2|16.33~REF|LU|33~REF|6R|1378249852Z1~AMT|B6|81.63~CLP|273-2294|19|155|91.26|23.28|MB|2815051846810|31|1~NM1|QC|1|JONES|NORMAN|K|||HN|720074281A~NM1|82|1||||||XX|1952303547~NM1|TT|2|BLUE CROSS OF CALIFORNIA|||||PI|00170~MOA|||MA01|MA18~DTM|050|20150220~SVC|HC^99310|155|91.26||1~DTM|472|20150127~CAS|CO|45|38.6||253|1.86~CAS|PR|2|23.28~REF|LU|31~REF|6R|1378206455Z1~AMT|B6|116.4~CLP|154-2339|19|104|68.59|17.5|MB|2815051846700|32|1~NM1|QC|1|LANGLEY|JIMMY||||HN|456584415A~NM1|82|1||||||XX|1962447805~NM1|TT|2|TX HEALTH & HUMAN SERVICES COMMI|||||PI|70051~MOA|||MA01|MA07~DTM|050|20150220~SVC|HC^99309|104|68.59||1~DTM|472|20150126~CAS|CO|45|16.51||253|1.4~CAS|PR|2|17.5~REF|LU|32~REF|6R|1378201714Z1~AMT|B6|87.49~CLP|158-2368|19|51|33.58|8.57|MB|2815051847530|32|1~NM1|QC|1|LUCKETT|MARY||||HN|523464493A~NM1|82|1||||||XX|1962447805~NM1|TT|2|TX HEALTH & HUMAN SERVICES COMMI|||||PI|70051~MOA|||MA01|MA07~DTM|050|20150220~SVC|HC^99307|51|33.58||1~DTM|472|20141211~CAS|CO|45|8.16||253|.69~CAS|PR|2|8.57~REF|LU|32~REF|6R|1378325580Z1~AMT|B6|42.84~CLP|386-2376|19|222|129.65|33.07|MB|2815051846910|33|1~NM1|QC|1|MCCUISTION|DORIS|J|||HN|451425052A~NM1|82|1||||||XX|1952303547~NM1|TT|2|UNITEDHEALTH GROUP|||||PI|30002~MOA|||MA01|MA18~DTM|050|20150220~SVC|HC^99337|222|129.65||1~DTM|472|20150128~CAS|CO|45|56.63||253|2.65~CAS|PR|2|33.07~REF|LU|33~REF|6R|1378242966Z1~AMT|B6|165.37~CLP|358-2244|19|104|68.59|17.5|MB|2815051846620|32|1~NM1|QC|1|MCGREW|RUTHIE||||HN|462986346A~NM1|82|1||||||XX|1962447805~NM1|TT|2|TX HEALTH & HUMAN SERVICES COMMI|||||PI|70051~MOA|||MA01|MA07~DTM|050|20150220~SVC|HC^99309|104|68.59||1~DTM|472|20150126~CAS|CO|45|16.51||253|1.4~CAS|PR|2|17.5~REF|LU|32~REF|6R|1378201705Z1~AMT|B6|87.49~CLP|214-2304|19|104|61.37|15.66|MB|2815051846550|31|1~NM1|QC|1|MILLER|WILLIAM|C|||HN|458344463A~NM1|82|1||||||XX|1952303547~NM1|TT|2|AETNA, INC.|||||PI|00060~MOA|||MA01|MA18~DTM|050|20150220~SVC|HC^99309|104|61.37||1~DTM|472|20150119~CAS|CO|45|25.72||253|1.25~CAS|PR|2|15.66~REF|LU|31~REF|6R|1378192912Z1~AMT|B6|78.28~CLP|173-2335|19|104|68.25|17.41|MB|2815051847410|32|1~NM1|QC|1|MITCHELL|CARL|W|||HN|449686350A~NM1|82|1||||||XX|1962447805~NM1|TT|2|TX HEALTH & HUMAN SERVICES COMMI|||||PI|70051~MOA|||MA01|MA07~DTM|050|20150220~SVC|HC^99309|104|68.25||1~DTM|472|20141208~CAS|CO|45|16.95||253|1.39~CAS|PR|2|17.41~REF|LU|32~REF|6R|1378304427Z1~AMT|B6|87.05~CLP|52-2396|19|109|63.99|16.33|MB|2815051847110|33|1~NM1|QC|1|MORSE|TRACY||||HN|462420991A~NM1|82|1||||||XX|1952303547~NM1|TT|2|AETNA, INC.|||||PI|00060~MOA|||MA01|MA18~DTM|050|20150220~SVC|HC^99335|109|63.99||1~DTM|472|20150129~CAS|CO|45|27.37||253|1.31~CAS|PR|2|16.33~REF|LU|33~REF|6R|1378249863Z1~AMT|B6|81.63~CLP|130-1840|19|84|55|14.03|MB|2815051259280|31|1~NM1|QC|1|MULLENDORE|GENEVIEVE||||HN|446221995A~NM1|82|1||||||XX|1962447805~NM1|TT|2|HIGHMARK INC|||||PI|00030~MOA|||MA01|MA18~DTM|050|20150220~SVC|HC^99315|84|55||1~DTM|472|20140920~CAS|CO|45|13.85||253|1.12~CAS|PR|2|14.03~REF|LU|31~REF|6R|1377902806Z1~AMT|B6|70.15~CLP|100-2347|19|104|68.59|17.5|MB|2815051846780|32|1~NM1|QC|1|PETERSON|DEBORAH||||HN|464111423A~NM1|82|1||||||XX|1962447805~NM1|TT|2|TX HEALTH & HUMAN SERVICES COMMI|||||PI|70051~MOA|||MA01|MA07~DTM|050|20150220~SVC|HC^99309|104|68.59||1~DTM|472|20150126~CAS|CO|45|16.51||253|1.4~CAS|PR|2|17.5~REF|LU|32~REF|6R|1378201722Z1~AMT|B6|87.49~CLP|176-2387|19|70|40.52|10.34|MB|2815051847020|33|1~NM1|QC|1|PILGRIM|NELL|L|||HN|411098338D~NM1|82|1||||||XX|1952303547~NM1|TT|2|UNITEDHEALTH GROUP|||||PI|30002~MOA|||MA01|MA18~DTM|050|20150220~SVC|HC^99334|70|40.52||1~DTM|472|20150129~CAS|CO|45|18.31||253|.83~CAS|PR|2|10.34~REF|LU|33~REF|6R|1378249854Z1~AMT|B6|51.69~CLP|18-2366|19|51|33.58|8.57|MB|2815051847320|32|1~NM1|QC|1|PONCE|RAYMOND||||HN|562659571A~NM1|82|1||||||XX|1962447805~NM1|TT|2|TX HEALTH & HUMAN SERVICES COMMI|||||PI|70051~MOA|||MA01|MA07~DTM|050|20150220~SVC|HC^99307|51|33.58||1~DTM|472|20141203~CAS|CO|45|8.16||253|.69~CAS|PR|2|8.57~REF|LU|32~REF|6R|1378285734Z1~AMT|B6|42.84~CLP|18-2367|19|51|33.58|8.57|MB|2815051847520|32|1~NM1|QC|1|PONCE|RAYMOND||||HN|562659571A~NM1|82|1||||||XX|1962447805~NM1|TT|2|TX HEALTH & HUMAN SERVICES COMMI|||||PI|70051~MOA|||MA01|MA07~DTM|050|20150220~SVC|HC^99307|51|33.58||1~DTM|472|20141211~CAS|CO|45|8.16||253|.69~CAS|PR|2|8.57~REF|LU|32~REF|6R|1378325579Z1~AMT|B6|42.84~CLP|289-2275|1|104|61.37|15.66|MB|2815051846650|31|1~NM1|QC|1|PORCHE|MARGARET||||HN|281421765T~NM1|82|1||||||XX|1952303547~MOA|||MA01~DTM|050|20150220~SVC|HC^99309|104|61.37||1~DTM|472|20150126~CAS|CO|45|25.72||253|1.25~CAS|PR|2|15.66~REF|LU|31~REF|6R|1378201709Z1~AMT|B6|78.28~CLP|289-2308|1|155|91.26|23.28|MB|2815051846900|31|1~NM1|QC|1|PORCHE|MARGARET||||HN|281421765T~NM1|82|1||||||XX|1952303547~MOA|||MA01~DTM|050|20150220~SVC|HC^99310|155|91.26||1~DTM|472|20150119~CAS|CO|45|38.6||253|1.86~CAS|PR|2|23.28~REF|LU|31~REF|6R|1378239101Z1~AMT|B6|116.4~CLP|26-2322|19|79|51.8|13.21|MB|2815051847470|31|1~NM1|QC|1|ROWDEN|LESLIE||||HN|466689188C1~NM1|82|1||||||XX|1962447805~NM1|TT|2|TX HEALTH & HUMAN SERVICES COMMI|||||PI|70051~MOA|||MA01|MA07~DTM|050|20150220~SVC|HC^99308|79|51.8||1~DTM|472|20141209~CAS|CO|45|12.93||253|1.06~CAS|PR|2|13.21~REF|LU|31~REF|6R|1378320641Z1~AMT|B6|66.07~CLP|134-2388|19|109|63.99|16.33|MB|2815051847030|33|1~NM1|QC|1|RUBIO|JANE||||HN|456449295B~NM1|82|1||||||XX|1952303547~NM1|TT|2|TX HEALTH & HUMAN SERVICES COMMI|||||PI|70051~MOA|||MA01|MA07~DTM|050|20150220~SVC|HC^99335|109|63.99||1~DTM|472|20150129~CAS|CO|45|27.37||253|1.31~CAS|PR|2|16.33~REF|LU|33~REF|6R|1378249855Z1~AMT|B6|81.63~CLP|23-2383|19|109|63.99|16.33|MB|2815051846980|33|1~NM1|QC|1|RUBIO|ROBERT||||HN|456449295A~NM1|82|1||||||XX|1952303547~NM1|TT|2|TX HEALTH & HUMAN SERVICES COMMI|||||PI|70051~MOA|||MA01|MA07~DTM|050|20150220~SVC|HC^99335|109|63.99||1~DTM|472|20150129~CAS|CO|45|27.37||253|1.31~CAS|PR|2|16.33~REF|LU|33~REF|6R|1378249850Z1~AMT|B6|81.63~CLP|19-2204|19|79|51.8|13.21|MB|2815051259310|32|1~NM1|QC|1|RYLANDER|RICHARD||||HN|435661924A~NM1|82|1||||||XX|1962447805~NM1|TT|2|TX HEALTH & HUMAN SERVICES COMMI|||||PI|70051~MOA|||MA01|MA07~DTM|050|20150220~SVC|HC^99308|79|51.8||1~DTM|472|20141205~CAS|CO|45|12.93||253|1.06~CAS|PR|2|13.21~REF|LU|32~REF|6R|1377902814Z1~AMT|B6|66.07~CLP|123-2393|19|109|63.99|16.33|MB|2815051847080|33|1~NM1|QC|1|SAPOZNIKOV|FORTUNA|M|||HN|450888542A~NM1|82|1||||||XX|1952303547~NM1|TT|2|TX HEALTH & HUMAN SERVICES COMMI|||||PI|70051~MOA|||MA01|MA07~DTM|050|20150220~SVC|HC^99335|109|63.99||1~DTM|472|20150129~CAS|CO|45|27.37||253|1.31~CAS|PR|2|16.33~REF|LU|33~REF|6R|1378249860Z1~AMT|B6|81.63~CLP|33-2316|19|51|33.58|8.57|MB|2815051847350|31|1~NM1|QC|1|SAVANNAH|BILLY||||HN|439621087A~NM1|82|1||||||XX|1962447805~NM1|TT|2|TX HEALTH & HUMAN SERVICES COMMI|||||PI|70051~MOA|||MA01|MA07~DTM|050|20150220~SVC|HC^99307|51|33.58||1~DTM|472|20141208~CAS|CO|45|8.16||253|.69~CAS|PR|2|8.57~REF|LU|31~REF|6R|1378304420Z1~AMT|B6|42.84~CLP|33-2373|19|104|68.25|17.41|MB|2815051847580|32|1~NM1|QC|1|SAVANNAH|BILLY||||HN|439621087A~NM1|82|1||||||XX|1962447805~NM1|TT|2|TX HEALTH & HUMAN SERVICES COMMI|||||PI|70051~MOA|||MA01|MA07~DTM|050|20150220~SVC|HC^99309|104|68.25||1~DTM|472|20141211~CAS|CO|45|16.95||253|1.39~CAS|PR|2|17.41~REF|LU|32~REF|6R|1378325585Z1~AMT|B6|87.05~CLP|33-2350|19|51|33.58|8.57|MB|2815051847600|32|1~NM1|QC|1|SAVANNAH|BILLY||||HN|439621087A~NM1|82|1||||||XX|1962447805~NM1|TT|2|TX HEALTH & HUMAN SERVICES COMMI|||||PI|70051~MOA|||MA01|MA07~DTM|050|20150220~SVC|HC^99307|51|33.58||1~DTM|472|20141215~CAS|CO|45|8.16||253|.69~CAS|PR|2|8.57~REF|LU|32~REF|6R|1378329891Z1~AMT|B6|42.84~CLP|329-2309|19|104|61.37|15.66|MB|2815051846580|31|1~NM1|QC|1|SCHROEDER|EDNA|O|||HN|466145851D~NM1|82|1||||||XX|1952303547~NM1|TT|2|UNITEDHEALTH GROUP|||||PI|30002~MOA|||MA01|MA18~DTM|050|20150220~SVC|HC^99309|104|61.37||1~DTM|472|20150119~CAS|CO|45|25.72||253|1.25~CAS|PR|2|15.66~REF|LU|31~REF|6R|1378192917Z1~AMT|B6|78.28~CLP|329-2274|19|104|61.37|15.66|MB|2815051846640|31|1~NM1|QC|1|SCHROEDER|EDNA|O|||HN|466145851D~NM1|82|1||||||XX|1952303547~NM1|TT|2|UNITEDHEALTH GROUP|||||PI|30002~MOA|||MA01|MA18~DTM|050|20150220~SVC|HC^99309|104|61.37||1~DTM|472|20150126~CAS|CO|45|25.72||253|1.25~CAS|PR|2|15.66~REF|LU|31~REF|6R|1378201708Z1~AMT|B6|78.28~CLP|107-2390|19|222|129.65|33.07|MB|2815051847050|33|1~NM1|QC|1|SHERIDAN|EDNA|V|||HN|486241601A~NM1|82|1||||||XX|1952303547~NM1|TT|2|TX HEALTH & HUMAN SERVICES COMMI|||||PI|70051~MOA|||MA01|MA07~DTM|050|20150220~SVC|HC^99337|222|129.65||1~DTM|472|20150129~CAS|CO|45|56.63||253|2.65~CAS|PR|2|33.07~REF|LU|33~REF|6R|1378249857Z1~AMT|B6|165.37~CLP|38-2362|19|79|51.8|13.21|MB|2815051847280|32|1~NM1|QC|1|SMITH|IVORY|D|||HN|466683089A~NM1|82|1||||||XX|1962447805~NM1|TT|2|TX HEALTH & HUMAN SERVICES COMMI|||||PI|70051~MOA|||MA01|MA07~DTM|050|20150220~SVC|HC^99308|79|51.8||1~DTM|472|20141203~CAS|CO|45|12.93||253|1.06~CAS|PR|2|13.21~REF|LU|32~REF|6R|1378285729Z1~AMT|B6|66.07~CLP|38-2370|19|104|68.25|17.41|MB|2815051847550|32|1~NM1|QC|1|SMITH|IVORY|D|||HN|466683089A~NM1|82|1||||||XX|1962447805~NM1|TT|2|TX HEALTH & HUMAN SERVICES COMMI|||||PI|70051~MOA|||MA01|MA07~DTM|050|20150220~SVC|HC^99309|104|68.25||1~DTM|472|20141211~CAS|CO|45|16.95||253|1.39~CAS|PR|2|17.41~REF|LU|32~REF|6R|1378325582Z1~AMT|B6|87.05~CLP|149-2363|19|79|51.8|13.21|MB|2815051847290|32|1~NM1|QC|1|SMITH|KAREN||||HN|464080734A~NM1|82|1||||||XX|1962447805~NM1|TT|2|TX HEALTH & HUMAN SERVICES COMMI|||||PI|70051~MOA|||MA01|MA07~DTM|050|20150220~SVC|HC^99308|79|51.8||1~DTM|472|20141203~CAS|CO|45|12.93||253|1.06~CAS|PR|2|13.21~REF|LU|32~REF|6R|1378285730Z1~AMT|B6|66.07~CLP|85-2395|19|109|39.97|40.84|MB|2815051847100|33|1~NM1|QC|1|SNOW|CAROLYN||||HN|442403577A~NM1|82|1||||||XX|1952303547~NM1|TT|2|TX HEALTH & HUMAN SERVICES COMMI|||||PI|70051~MOA|||MA01|MA07~DTM|050|20150220~SVC|HC^99335|109|39.97||1~DTM|472|20150129~CAS|CO|45|27.37||253|.82~CAS|PR|1|30.64||2|10.2~REF|LU|33~REF|6R|1378249862Z1~AMT|B6|81.63~CLP|42-2341|1|104|68.59|17.5|MB|2815051846720|32|1~NM1|QC|1|SPENCER|GERALDINE|M|||HN|450745441A~NM1|82|1||||||XX|1962447805~MOA|||MA01~DTM|050|20150220~SVC|HC^99309|104|68.59||1~DTM|472|20150126~CAS|CO|45|16.51||253|1.4~CAS|PR|2|17.5~REF|LU|32~REF|6R|1378201716Z1~AMT|B6|87.49~CLP|45-2320|19|79|51.8|13.21|MB|2815051847450|31|1~NM1|QC|1|STANSBURY|LAWRANCE||||HN|351408635A~NM1|82|1||||||XX|1962447805~NM1|TT|2|TX HEALTH & HUMAN SERVICES COMMI|||||PI|70051~MOA|||MA01|MA07~DTM|050|20150220~SVC|HC^99308|79|51.8||1~DTM|472|20141209~CAS|CO|45|12.93||253|1.06~CAS|PR|2|13.21~REF|LU|31~REF|6R|1378320639Z1~AMT|B6|66.07~CLP|14-2336|1|104|68.25|17.41|MB|2815051847420|32|1~NM1|QC|1|TATUM|BILLY||||HN|464486388A~NM1|82|1||||||XX|1962447805~MOA|||MA01~DTM|050|20150220~SVC|HC^99309|104|68.25||1~DTM|472|20141208~CAS|CO|45|16.95||253|1.39~CAS|PR|2|17.41~REF|LU|32~REF|6R|1378304428Z1~AMT|B6|87.05~CLP|365-2225|19|104|68.25|17.41|MB|2815051259340|32|1~NM1|QC|1|TAYLOR|AUDREY||||HN|450967533A~NM1|82|1||||||XX|1962447805~NM1|TT|2|TX HEALTH & HUMAN SERVICES COMMI|||||PI|70051~MOA|||MA01|MA07~DTM|050|20150220~SVC|HC^99309|104|68.25||1~DTM|472|20141120~CAS|CO|45|16.95||253|1.39~CAS|PR|2|17.41~REF|LU|32~REF|6R|1377902818Z1~AMT|B6|87.05~CLP|47-2346|19|104|68.59|17.5|MB|2815051846770|32|1~NM1|QC|1|THOMAS|JIMMIE M||||HN|427101367D~NM1|82|1||||||XX|1962447805~NM1|TT|2|TX HEALTH & HUMAN SERVICES COMMI|||||PI|70051~MOA|||MA01|MA07~DTM|050|20150220~SVC|HC^99309|104|68.59||1~DTM|472|20150126~CAS|CO|45|16.51||253|1.4~CAS|PR|2|17.5~REF|LU|32~REF|6R|1378201721Z1~AMT|B6|87.49~CLP|105-2380|19|104|61.37|15.66|MB|2815051846950|31|1~NM1|QC|1|THOMPSON|DORIS|W|||HN|466443779A~NM1|82|1||||||XX|1952303547~NM1|TT|2|CHCS SERVICES INC|||||PI|80255~MOA|||MA01|MA18~DTM|050|20150220~SVC|HC^99309|104|61.37||1~DTM|472|20150128~CAS|CO|45|25.72||253|1.25~CAS|PR|2|15.66~REF|LU|31~REF|6R|1378242977Z1~AMT|B6|78.28~CLP|376-2382|19|51|29.99|7.65|MB|2815051846970|31|1~NM1|QC|1|TRAVIS|ALFRED|M|||HN|449620738A~NM1|82|1||||||XX|1952303547~NM1|TT|2|AETNA, INC.|||||PI|00060~MOA|||MA01|MA18~DTM|050|20150220~SVC|HC^99307|51|29.99||1~DTM|472|20150128~CAS|CO|45|12.75||253|.61~CAS|PR|2|7.65~REF|LU|31~REF|6R|1378242990Z1~AMT|B6|38.25~CLP|54-2345|19|104|68.59|17.5|MB|2815051846760|32|1~NM1|QC|1|TYLER|MARY|L|||HN|454260356A~NM1|82|1||||||XX|1962447805~NM1|TT|2|AETNA, INC.|||||PI|00060~MOA|||MA01|MA18~DTM|050|20150220~SVC|HC^99309|104|68.59||1~DTM|472|20150126~CAS|CO|45|16.51||253|1.4~CAS|PR|2|17.5~REF|LU|32~REF|6R|1378201720Z1~AMT|B6|87.49~CLP|55-2321|19|79|51.8|13.21|MB|2815051847460|31|1~NM1|QC|1|UZOMA|SHARON|L|||HN|467397111A~NM1|82|1||||||XX|1962447805~NM1|TT|2|TX HEALTH & HUMAN SERVICES COMMI|||||PI|70051~MOA|||MA01|MA07~DTM|050|20150220~SVC|HC^99308|79|51.8||1~DTM|472|20141209~CAS|CO|45|12.93||253|1.06~CAS|PR|2|13.21~REF|LU|31~REF|6R|1378320640Z1~AMT|B6|66.07~CLP|68-2324|19|79|51.8|13.21|MB|2815051847490|31|1~NM1|QC|1|YOUNG|AUDREY||||HN|449683350A~NM1|82|1||||||XX|1962447805~NM1|TT|2|UNITEDHEALTH GROUP|||||PI|30002~MOA|||MA01|MA18~DTM|050|20150220~SVC|HC^99308|79|51.8||1~DTM|472|20141209~CAS|CO|45|12.93||253|1.06~CAS|PR|2|13.21~REF|LU|31~REF|6R|1378320643Z1~AMT|B6|66.07~SE|1269|0002~GE|2|689~IEA|1|000000694~