ISA|00|          |00|          |ZZ|ZIRMED         |29|E12705         |150305|0445|U|00401|000000679|0|P|^~GS|HP|ZIRMED|E12705|20150305|0445|674|X|004010X091A1~ST|835|0001~BPR|H|0|C|NON||||||||||||20150305~TRN|1|458835913|1205296137~REF|EV|E12705~DTM|405|20150304~N1|PR|NOVITAS SOLUTIONS, INC.~N3|PO BOX 3110~N4|MECHANICSBURG|PA|170551826~REF|2U|04412~PER|CX||TE|8552528782~N1|PE|DFW GERIATRICS PLLC|XX|1063835361~N3|2925 SKYWAY CIRCLE NORTH~N4|IRVING|TX|750383510~REF|TJ|464596718~LX|1~CLP|395-2502|1|211|0|211|MB|2815062536570|32|1~NM1|QC|1|ABREAU|IRMA||||HN|253821232A~NM1|82|1||||||XX|1962447805~MOA|||MA01~DTM|050|20150303~SVC|HC^99306|193|0||||1~DTM|472|20150216~CAS|PR|26|193~REF|LU|32~REF|6R|1387336270Z1~SVC|HC^99406|18|0||||1~DTM|472|20150216~CAS|PR|26|18~REF|LU|32~REF|6R|1387336270Z2~CLP|286-2493|4|51|0||MB|2815062536450|32|1~NM1|QC|1|TOMMY|GERMANY|L|||HN|456642617M~NM1|82|1||||||XX|1962447805~MOA|||MA130|MA61~DTM|050|20150303~SVC|HC^99307|51|0||||1~DTM|472|20150212~CAS|CO|140|51~REF|LU|32~REF|6R|1387328937Z1~LQ|HE|MA130~LQ|HE|MA61~CLP|160-2439|1|70|0||MB|2815058803950|31|1~NM1|QC|1|HILTON|MAECEIL||||HN|450608307A~NM1|82|1||||||XX|1952303547~MOA|||MA01~DTM|050|20150227~SVC|HC^99334|70|0||||1~DTM|472|20150204~CAS|CO|58|70~REF|LU|31~REF|6R|1384825357Z1~CLP|154-2415|1|193|0||MB|2815062536550|32|1~NM1|QC|1|LANGLEY|JIMMY||||HN|456584415A~NM1|82|1||||||XX|1962447805~MOA|||MA01~DTM|050|20150303~SVC|HC^99306|193|0||||1~DTM|472|20150212~CAS|OA|18|193~REF|LU|32~REF|6R|1387336266Z1~LQ|HE|N522~CLP|346-2417|4|193|0||MB|2815062536560|32|1~NM1|QC|1|LUIS|SALDANA||||HN|465977738A~NM1|82|1||||||XX|1962447805~MOA|||MA130|MA61~DTM|050|20150303~SVC|HC^99306|193|0||||1~DTM|472|20150212~CAS|CO|140|193~REF|LU|32~REF|6R|1387336268Z1~LQ|HE|MA130~LQ|HE|MA61~SE|76|0001~ST|835|0002~BPR|I|9.39|C|ACH|CCP|01|081517693|DA|152302017594|1205296137||01|111000025|DA|488038453432|20150305~TRN|1|889716478|1205296137~REF|EV|E12705~DTM|405|20150304~N1|PR|NOVITAS SOLUTIONS, INC.~N3|PO BOX 3110~N4|MECHANICSBURG|PA|170551826~REF|2U|04412~PER|CX||TE|8552528782~N1|PE|DFW GERIATRICS PLLC|XX|1063835361~N3|2925 SKYWAY CIRCLE NORTH~N4|IRVING|TX|750383510~REF|TJ|464596718~LX|1~CLP|317-2198|1|148|9.39|2.4|MB|3815048836970|11|1~NM1|QC|1|TWILLEY|EDWARD||||HN|458213375A~NM1|82|1||||||XX|1679978068~MOA|||MA01~DTM|050|20150217~SVC|HC^99214|130|0||||1~DTM|472|20141205~CAS|CO|B15|130~REF|LU|11~REF|6R|1375015828Z1~LQ|HE|M80~SVC|HC^99406|18|9.39||1~DTM|472|20141205~CAS|CO|45|6.02||253|.19~CAS|PR|2|2.4~REF|LU|11~REF|6R|1375015828Z2~AMT|B6|11.98~SE|34|0002~GE|2|674~IEA|1|000000679~