ISA|00|          |00|          |ZZ|ZIRMED         |29|E12705         |151027|0855|U|00401|000001474|0|P|^~GS|HP|ZIRMED|E12705|20151027|0855|1469|X|004010X091A1~ST|835|0001~BPR|H|0|C|NON||||||||||||20151027~TRN|1|459931690|1205296137~REF|EV|E12705~DTM|405|20151026~N1|PR|NOVITAS SOLUTIONS, INC.~N3|PO BOX 3110~N4|MECHANICSBURG|PA|170551826~REF|2U|04412~PER|CX||TE|8552528782~N1|PE|DFW GERIATRICS PLLC|XX|1063835361~N3|2925 SKYWAY CIRCLE NORTH~N4|IRVING|TX|750383510~REF|TJ|464596718~LX|1~CLP|342-3954|1|4|0||MB|3215287716822|11|1~NM1|QC|1|ALLEN|THOMAS||||HN|453825428A~NM1|82|1||||||XX|1962447805~MOA|||MA130|MA15~DTM|050|20151014~SVC|HC^94760|4|0||||1~DTM|472|20151008~CAS|CO|16|4~REF|6R|1578043738Z5~REF|LU|11~LQ|HE|MA130~LQ|HE|N265~LQ|HE|N276~LQ|HE|N286~SE|30|0001~ST|835|0002~BPR|I|81.14|C|ACH|CCP|01|081517693|DA|152302017594|1205296137||01|111000025|DA|488038453432|20151027~TRN|1|891411238|1205296137~REF|EV|E12705~DTM|405|20151026~N1|PR|NOVITAS SOLUTIONS, INC.~N3|PO BOX 3110~N4|MECHANICSBURG|PA|170551826~REF|2U|04412~PER|CX||TE|8552528782~N1|PE|DFW GERIATRICS PLLC|XX|1063835361~N3|2925 SKYWAY CIRCLE NORTH~N4|IRVING|TX|750383510~REF|TJ|464596718~LX|1~CLP|410-2754|19|130|81.14|20.7|MB|2215287375370|11|1~NM1|QC|1|TAYLOR|LEONARD||||HN|426680464A~NM1|82|1||||||XX|1962447805~NM1|TT|2|TX HEALTH & HUMAN SERVICES COMMI|||||PI|70051~MOA|||MA01|MA07~DTM|050|20151013~SVC|HC^99214|130|81.14||1~DTM|472|20150204~CAS|CO|45|26.5||253|1.66~CAS|PR|2|20.7~REF|6R|1576976768Z1~REF|LU|11~AMT|B6|103.5~SE|29|0002~GE|2|1469~IEA|1|000001474~