ISA|00|          |00|          |ZZ|ZIRMED         |ZZ|11             |150914|0606|U|00401|000000666|0|P|^~GS|HP|ZIRMED|FIS123456789|20150914|0606|666|X|004010X091A1~ST|835|0001~BPR|I|140.19|C|CHK||||||||||||20150910~TRN|1|2805681|1201494502~REF|EV|FIS123456789~REF|F2|TXMC QNXT~DTM|405|20150406~N1|PR|MOLINA HEALTHCARE OF TEXAS, INC~N3|2505 N. STATE HIGHWAY 360|STE 300~N4|GRAND PRAIRIE|TX|75050~N1|PE|SUMANA KETHA  MD PA|XX|1356565865~N3|2925 SKYWAY CIR N~N4|IRVING|TX|750383510~REF|TJ|201401614~LX|1~CLP|43862Z5556|1|195.35|46.73||MC|15093892864~NM1|QC|1|GILHART|JOHN|C|||MI|530427610~NM1|82|1|KETHA|SUMANA||||XX|1962447805~REF|CE|TQMBPL6979~DTM|232|20150303~DTM|233|20150303~DTM|050|20150403~AMT|AU|195.35~SVC|HC^99214|195.35|46.73||1~DTM|472|20150303~CAS|CO|45|148.62~REF|6R|S5556K46224K9~AMT|B6|46.73~CLP|43854Z5556|1|195.35|46.73||MC|15093892866~NM1|QC|1|SMITH|GAROLD|D|||MI|522182631~NM1|82|1|KETHA|SUMANA||||XX|1962447805~REF|CE|TQMBPL6979~DTM|232|20150303~DTM|233|20150303~DTM|050|20150403~AMT|AU|195.35~SVC|HC^99214|195.35|46.73||1~DTM|472|20150303~CAS|CO|45|148.62~REF|6R|S5556K46216K9~AMT|B6|46.73~CLP|43853Z5556|1|195.35|46.73||MC|15093892868~NM1|QC|1|SMITH|MARY|ANN|||MI|513382826~NM1|74|1|||A~NM1|82|1|KETHA|SUMANA||||XX|1962447805~REF|CE|TQMBPL6979~DTM|232|20150303~DTM|233|20150303~DTM|050|20150403~AMT|AU|195.35~SVC|HC^99214|195.35|46.73||1~DTM|472|20150303~CAS|CO|45|148.62~REF|6R|S5556K46215K9~AMT|B6|46.73~SE|55|0001~ST|835|0002~BPR|I|67.63|C|CHK||||||||||||20150910~TRN|1|2805754|1201494502~REF|EV|FIS123456789~REF|F2|TXMC QNXT~DTM|405|20150421~N1|PR|MOLINA HEALTHCARE OF TEXAS, INC~N3|2505 N. STATE HIGHWAY 360|STE 300~N4|GRAND PRAIRIE|TX|75050~N1|PE|SUMANA KETHA  MD PA|XX|1356565865~N3|2925 SKYWAY CIR N~N4|IRVING|TX|750383510~REF|TJ|201401614~LX|1~CLP|44017Z5556|1|330.22|0||MC|15107856248~NM1|QC|1|HORTON|MYRON|D|||MI|528562063~NM1|82|1|KETHA|SUMANA||||XX|1962447805~REF|CE|QMXHPQ0882~DTM|232|20150212~DTM|233|20150212~DTM|036|20781231~DTM|050|20150417~SVC|HC^99306^25|304.87|0||1~DTM|472|20150212~CAS|CO|31|304.87~REF|6R|S5556K46389K9~SVC|HC^99406|25.35|0||1~DTM|472|20150212~CAS|CO|31|25.35~REF|6R|S5556K46390K9~CLP|42020Z5556|1|231.58|0||MC|15110891193~NM1|QC|1|COATS|NAOMI|W|||MI|518636767~NM1|82|1|KETHA|SUMANA||||XX|1962447805~REF|CE|TQMBPL6979~DTM|232|20141001~DTM|233|20141001~DTM|050|20150420~SVC|HC^99349|231.58|0||1~DTM|472|20141001~CAS|OA|18|231.58~REF|6R|S5556K44256K9~CLP|44027Z5556|1|417.68|67.63||MC|15110891208~NM1|QC|1|LOWE|TOMMY|L|||MI|501290814~NM1|82|1|KETHA|SUMANA||||XX|1962447805~REF|CE|TQMBPL6979~DTM|232|20150408~DTM|233|20150408~DTM|050|20150420~AMT|AU|417.68~SVC|HC^99328^25|392.33|67.63||1~DTM|472|20150408~CAS|CO|45|324.7~REF|6R|S5556K46401K9~AMT|B6|67.63~SVC|HC^99406|25.35|0||1~DTM|472|20150408~CAS|CO|16|25.35~REF|6R|S5556K46402K9~LQ|HE|M64~CLP|40610Z5556|1|231.58|0||MC|15110891224~NM1|QC|1|MCDANIEL|JORDAN|D|||MI|529136790~NM1|82|1|KETHA|SUMANA||||XX|1962447805~REF|CE|TQMBPL6979~DTM|232|20140804~DTM|233|20140804~DTM|050|20150420~SVC|HC^99349|231.58|0||1~DTM|472|20140804~CAS|OA|18|231.58~REF|6R|S5556K43323K9~SE|71|0002~ST|835|0003~BPR|I|131.58|C|CHK||||||||||||20150910~TRN|1|2805766|1201494502~REF|EV|FIS123456789~REF|F2|TXMC QNXT~DTM|405|20150422~N1|PR|MOLINA HEALTHCARE OF TEXAS, INC~N3|2505 N. STATE HIGHWAY 360|STE 300~N4|GRAND PRAIRIE|TX|75050~N1|PE|SUMANA KETHA  MD PA|XX|1356565865~N3|2925 SKYWAY CIR N~N4|IRVING|TX|750383510~REF|TJ|201401614~LX|1~CLP|43993Z5556|1|350.63|0||MC|15106879986~NM1|QC|1|HANDSBUR|LINDA|S|||MI|516481026~NM1|82|1|KETHA|SUMANA||||XX|1962447805~REF|CE|TQMBPL6979~DTM|232|20150306~DTM|233|20150306~DTM|050|20150416~SVC|HC^99337|350.63|0||1~DTM|472|20150306~CAS|CO|5|350.63~REF|6R|S5556K46365K9~LQ|HE|N34~CLP|43992Z5556|1|350.63|0||MC|15106880004~NM1|QC|1|MILLS|PHILLIP|LAMAR|||MI|618035796~NM1|82|1|KETHA|SUMANA||||XX|1962447805~REF|CE|TQMBPL6979~DTM|232|20150306~DTM|233|20150306~DTM|050|20150416~SVC|HC^99337|350.63|0||1~DTM|472|20150306~CAS|CO|5|350.63~REF|6R|S5556K46364K9~LQ|HE|N34~CLP|44021Z5556|1|190.28|49.19||MC|15111908062~NM1|QC|1|WILBURN|DONALD|R|||MI|616591526~NM1|82|1|KETHA|SUMANA||||XX|1962447805~REF|CE|TQMBPL6979~DTM|232|20150310~DTM|233|20150310~DTM|050|20150421~AMT|AU|190.28~SVC|HC^99309^25|164.93|49.19||1~DTM|472|20150310~CAS|CO|45|115.74~REF|6R|S5556K46394K9~AMT|B6|49.19~SVC|HC^99406|25.35|0||1~DTM|472|20150310~CAS|CO|16|25.35~REF|6R|S5556K46395K9~LQ|HE|M64~CLP|44032Z5556|1|243.35|82.39||MC|15111908064~NM1|QC|1|NOLAN|DONALD|R|||MI|523155696~NM1|82|1|KETHA|SUMANA||||XX|1962447805~REF|CE|TQMBPL6979~DTM|232|20150417~DTM|233|20150417~DTM|050|20150421~AMT|AU|243.35~SVC|HC^99336|243.35|82.39||1~DTM|472|20150417~CAS|CO|45|160.96~REF|6R|S5556K46407K9~AMT|B6|82.39~SE|70|0003~ST|835|0004~BPR|I|91|C|CHK||||||||||||20150910~TRN|1|2805781|1201494502~REF|EV|FIS123456789~REF|F2|TXMC QNXT~DTM|405|20150428~N1|PR|MOLINA HEALTHCARE OF TEXAS, INC~N3|2505 N. STATE HIGHWAY 360|STE 300~N4|GRAND PRAIRIE|TX|75050~N1|PE|SUMANA KETHA  MD PA|XX|1356565865~N3|2925 SKYWAY CIR N~N4|IRVING|TX|750383510~REF|TJ|201401614~LX|1~CLP|44042Z5556|1|125.19|36.28||MC|15117883517~NM1|QC|1|HANDSBUR|LINDA|S|||MI|516481026~NM1|82|1|KETHA|SUMANA||||XX|1962447805~REF|CE|TQMBPL6979~DTM|232|20150317~DTM|233|20150317~DTM|050|20150427~AMT|AU|125.19~SVC|HC^99308|125.19|36.28||1~DTM|472|20150317~CAS|CO|45|88.91~REF|6R|S5556K46417K9~AMT|B6|36.28~CLP|44038Z5556|1|81.16|27.36||MC|15117883526~NM1|QC|1|HORTON|MYRON|D|||MI|528562063~NM1|82|1|KETHA|SUMANA||||XX|1962447805~REF|CE|TQMBPL6979~DTM|232|20150330~DTM|233|20150330~DTM|050|20150427~AMT|AU|81.16~SVC|HC^99307|81.16|27.36||1~DTM|472|20150330~CAS|CO|45|53.8~REF|6R|S5556K46413K9~AMT|B6|27.36~CLP|44040Z5556|1|81.16|27.36||MC|15117883625~NM1|QC|1|NEWELL|DIANE||||MI|625792713~NM1|82|1|KETHA|SUMANA||||XX|1962447805~REF|CE|TQMBPL6979~DTM|232|20150316~DTM|233|20150319~DTM|050|20150427~AMT|AU|81.16~SVC|HC^99307|81.16|27.36||1~DTM|150|20150316~DTM|151|20150319~CAS|CO|45|53.8~REF|6R|S5556K46415K9~AMT|B6|27.36~SE|55|0004~GE|4|666~IEA|1|000000666~