ISA|00|          |00|          |ZZ|ZIRMED         |ZZ|GATE0084       |150310|0037|U|00401|000000696|1|P|^~GS|HP|ZIRMED|GATE0084|20150310|0037|691|X|004010X091A1~ST|835|0001~BPR|I|17.41|C|CHK||||||||||||20150306~TRN|1|PG45729600|1411289245|000087726~DTM|405|20150306~N1|PR|UNITED HEALTHCARE INSURANCE COMPANY|XV|87726~N3|SAN ANTONIO SERVICE CENTER|PO BOX 740809~N4|ATLANTA|GA|303740809~REF|2U|87726~PER|CX|SAN ANTONIO SERVICE CENTER|TE|8778423210~N1|PE|SUMANA KETHA|XX|1063835361~N3|2925 SKYWAY CIR N~N4|IRVING|TX|750380000~REF|TJ|464596718~LX|1~TS3|1063835361|31|20151231|1|104~CLP|271-2001|2|104|17.41||13|4954871018 0017463846|31|1~NM1|QC|1|BOYD|BETTYE|N~NM1|IL|1|BOYD|BETTYE|N|||MI|000500550~NM1|82|1|KETHA|SUMANA||||XX|1962447805~REF|1L|744260~REF|CE|CHOYC+~DTM|050|20150226~DTM|232|20141016~AMT|AU|85.66~SVC|HC^99309|104|17.41||1~DTM|472|20141016~CAS|OA|23|86.59~REF|6R|1369941708Z1~AMT|B6|85.66~LQ|HE|N23~SE|31|0001~GE|1|691~IEA|1|000000696~