ISA|00|          |00|          |ZZ|ZIRMED         |ZZ|611358935      |150523|1623|U|00401|000000978|0|P|^~GS|HP|ZIRMED|611358935|20150523|1623|973|X|004010X091A1~ST|835|0001~BPR|I|109.08|C|CHK||||||||||||20150522~TRN|1|727814444|1591031071|62308~REF|EV|133052274~REF|F2|GWFC~DTM|405|20150522~N1|PR|GREATWESTHEALTHCARE-CIGNA~N3|8505 E. ORCHARD RD~N4|GREENWOOD VILLAGE|CO|80111~REF|2U|62308~PER|CX|GWHCEDIPROD|EM|EDIESCALATEDREQUESTS@CIGNA.COM|TE|8008103388~N1|PE|SUMANA D. KETHA|XX|1063835361~N3|2925 SKYWAY CIR N|STE B~N4|IRVING|TX|750383510~REF|PQ|200014846074~REF|TJ|464596718~LX|1~TS3|1063835361|11|20151231|1|145~CLP|5063-2902|1|145|109.08||13|150481863500|11~NM1|QC|1|GURRAM|ASHWINI||||MI|1022547991~NM1|IL|1|GURRAM|ASHWINI||||MI|1022547990~NM1|82|1|KETHA|SUMANA||||XX|1962447805~REF|1L|00612937~REF|CE|OPEN ACCESS PLUS~DTM|050|20150521~AMT|AU|109.08~SVC|HC^99395|145|109.08||1~DTM|472|20150512~CAS|CO|45|35.92~REF|6R|1454256076Z1~AMT|B6|109.08~SE|32|0001~GE|1|973~IEA|1|000000978~