ISA|00|          |00|          |ZZ|ZIRMED         |ZZ|11             |151123|0817|U|00401|000001587|0|P|^~GS|HP|ZIRMED|FIS123456789|20151123|0817|1582|X|004010X091A1~ST|835|0001~BPR|I|80|C|ACH|CCP|01|092904554|DA|150097034071|1201494502||01|111000025|DA|488038453432|20151120~TRN|1|EFT2982092|1201494502~REF|EV|FIS123456789~REF|F2|TXMC QNXT~DTM|405|20151119~N1|PR|MOLINA HEALTHCARE OF TEXAS, INC~N3|2505 N. STATE HIGHWAY 360|STE 300~N4|GRAND PRAIRIE|TX|75050~N1|PE|DFW PRIMARY CARE PLLC|XX|1063835361~N3|2925 SKYWAY CICLE NORTH~N4|IRVING|TX|750383510~REF|TJ|464596718~LX|1~CLP|1458-4038|1|134|46.73||MC|15321906624~NM1|QC|1|CARTER|ARTIE|J|||MI|525060269~NM1|82|1|KETHA|SUMANA||||XX|1962447805~REF|CE|TQMBPL6979~DTM|232|20151019~DTM|233|20151019~DTM|050|20151117~AMT|AU|134~SVC|HC^99214^25|130|46.73||1~DTM|472|20151019~CAS|CO|45|83.27~REF|6R|1606863118Z1~AMT|B6|46.73~SVC|HC^94760|4|0||1~DTM|472|20151019~CAS|OA|18|4~REF|6R|1606863118Z2~CLP|3040-4024|1|92|33.27||MC|15321906626~NM1|QC|1|ROBERTSON|SHARON|L|||MI|524114075~NM1|82|1|KETHA|SUMANA||||XX|1962447805~REF|CE|TQMBPL6979~DTM|232|20151016~DTM|233|20151016~DTM|050|20151117~AMT|AU|92~SVC|HC^99213^25|88|33.27||1~DTM|472|20151016~CAS|CO|45|54.73~REF|6R|1606884369Z1~AMT|B6|33.27~SVC|HC^94760|4|0||1~DTM|472|20151016~CAS|OA|18|4~REF|6R|1606884369Z2~SE|49|0001~GE|1|1582~IEA|1|000001587~