ISA|00|          |00|          |ZZ|ZIRMED         |ZZ|611358935      |150515|2150|U|00401|000000911|0|P|^~GS|HP|ZIRMED|611358935|20150515|2150|906|X|004010X091A1~ST|835|0001~BPR|H|0|C|NON||||||||||||20150515~TRN|1|8651512806918 20150509 0050809|1591031071|62308~REF|EV|133052274~REF|F2|1~DTM|405|20150515~N1|PR|CIGNA HEALTH AND LIFE INSURANCE COMPANY~N3|P. O. BOX 182223~N4|CHATTANOOGA|TN|374227223~REF|2U|62308~N1|PE|DFW GERIATRICS PLLC|XX|1063835361~N3|2925 SKYWAY N CIR~N4|IRVING|TX|750383510~REF|TJ|464596718~LX|1~TS3|1063835361|11|20151231|1|24~CLP|5892-2693|1|24|0|22.33|13|8651512806918|11|1~NM1|QC|1|ANKEM|LAKSHMI|D|||MI|U3719966202~NM1|IL|1|ANKEM|LAKSHMI||||MI|U3719966201~NM1|82|1|KETHA|SUMANA|D|||XX|1962447805~REF|1L|3318596~REF|CE|OPEN ACCESS PLUS~DTM|050|20150508~DTM|232|20150324~DTM|233|20150324~PER|CX|MEMBER SERVICES|TE|8002446224~AMT|AU|22.33~SVC|HC^99211|24|0||||1~CAS|CO|45|1.67~CAS|PR|1|22.33~REF|6R|1443121403Z1~AMT|B6|22.33~SE|33|0001~ST|835|0002~BPR|H|0|C|NON||||||||||||20150515~TRN|1|8651512806917 20150509 0050808|1591031071|62308~REF|EV|133052274~REF|F2|1~DTM|405|20150515~N1|PR|CIGNA HEALTH AND LIFE INSURANCE COMPANY~N3|P. O. BOX 182223~N4|CHATTANOOGA|TN|374227223~REF|2U|62308~N1|PE|DFW GERIATRICS PLLC|XX|1063835361~N3|2925 SKYWAY N CIR~N4|IRVING|TX|750383510~REF|TJ|464596718~LX|1~TS3|1063835361|11|20151231|1|29~CLP|5896-2745|1|29|0|25.65|13|8651512806917|11|1~NM1|QC|1|ANKEM|NAGAMURALI||||MI|U3719966201~NM1|82|1|KETHA|SUMANA|D|||XX|1962447805~REF|1L|3318596~REF|CE|OPEN ACCESS PLUS~DTM|050|20150508~DTM|232|20150409~DTM|233|20150409~PER|CX|MEMBER SERVICES|TE|8002446224~AMT|AU|25.65~SVC|HC^99211^25|24|0||||1~CAS|CO|45|1.67~CAS|PR|1|22.33~REF|6R|1443121405Z1~AMT|B6|22.33~SVC|HC^J3420|5|0||||1~CAS|CO|45|1.68~CAS|PR|1|3.32~REF|6R|1443121405Z2~AMT|B6|3.32~SE|37|0002~ST|835|0003~BPR|H|0|C|NON||||||||||||20150515~TRN|1|8651512806920 20150509 0050811|1591031071|62308~REF|EV|133052274~REF|F2|1~DTM|405|20150515~N1|PR|CIGNA HEALTH AND LIFE INSURANCE COMPANY~N3|P. O. BOX 182223~N4|CHATTANOOGA|TN|374227223~REF|2U|62308~N1|PE|DFW GERIATRICS PLLC|XX|1063835361~N3|2925 SKYWAY N CIR~N4|IRVING|TX|750383510~REF|TJ|464596718~LX|1~TS3|1063835361|11|20151231|1|29~CLP|5892-2744|1|29|0|25.65|13|8651512806920|11|1~NM1|QC|1|ANKEM|LAKSHMI|D|||MI|U3719966202~NM1|IL|1|ANKEM|LAKSHMI||||MI|U3719966201~NM1|82|1|KETHA|SUMANA|D|||XX|1962447805~REF|1L|3318596~REF|CE|OPEN ACCESS PLUS~DTM|050|20150508~DTM|232|20150409~DTM|233|20150409~PER|CX|MEMBER SERVICES|TE|8002446224~AMT|AU|25.65~SVC|HC^99211^25|24|0||||1~CAS|CO|45|1.67~CAS|PR|1|22.33~REF|6R|1443121404Z1~AMT|B6|22.33~SVC|HC^J3420|5|0||||1~CAS|CO|45|1.68~CAS|PR|1|3.32~REF|6R|1443121404Z2~AMT|B6|3.32~SE|38|0003~ST|835|0004~BPR|H|0|C|NON||||||||||||20150515~TRN|1|8651512806921 20150509 0050812|1591031071|62308~REF|EV|133052274~REF|F2|1~DTM|405|20150515~N1|PR|CIGNA HEALTH AND LIFE INSURANCE COMPANY~N3|P. O. BOX 182223~N4|CHATTANOOGA|TN|374227223~REF|2U|62308~N1|PE|DFW GERIATRICS PLLC|XX|1063835361~N3|2925 SKYWAY N CIR~N4|IRVING|TX|750383510~REF|TJ|464596718~LX|1~TS3|1063835361|11|20151231|1|24~CLP|5896-2692|1|24|0|22.33|13|8651512806921|11|1~NM1|QC|1|ANKEM|NAGAMURALI||||MI|U3719966201~NM1|82|1|KETHA|SUMANA|D|||XX|1962447805~REF|1L|3318596~REF|CE|OPEN ACCESS PLUS~DTM|050|20150508~DTM|232|20150324~DTM|233|20150324~PER|CX|MEMBER SERVICES|TE|8002446224~AMT|AU|22.33~SVC|HC^99211|24|0||||1~CAS|CO|45|1.67~CAS|PR|1|22.33~REF|6R|1443121402Z1~AMT|B6|22.33~SE|32|0004~ST|835|0005~BPR|H|0|C|NON||||||||||||20150515~TRN|1|8651513207557 20150513 0055156|1591031071|62308~REF|EV|133052274~REF|F2|1~DTM|405|20150515~N1|PR|CIGNA HEALTH AND LIFE INSURANCE COMPANY~N3|P. O. BOX 182223~N4|CHATTANOOGA|TN|374227223~REF|2U|62308~N1|PE|DFW GERIATRICS PLLC|XX|1063835361~N3|2925 SKYWAY N CIR~N4|IRVING|TX|750383510~REF|TJ|464596718~LX|1~TS3|1063835361|11|20151231|1|24~CLP|5896-2692|4|24|0||13|8651513207557|11|1~NM1|QC|1|ANKEM|NAGAMURALI||||MI|U3719966201~NM1|82|1|KETHA|SUMANA|D|||XX|1962447805~REF|1L|3318596~REF|CE|OPEN ACCESS PLUS~DTM|050|20150512~DTM|232|20150324~DTM|233|20150324~PER|CX|MEMBER SERVICES|TE|8002446224~SVC|HC^99211|24|0||||1~CAS|CO|18|24~REF|6R|1445549034Z1~LQ|HE|N522~SE|30|0005~ST|835|0006~BPR|H|0|C|NON||||||||||||20150515~TRN|1|8651513207560 20150513 0055158|1591031071|62308~REF|EV|133052274~REF|F2|1~DTM|405|20150515~N1|PR|CIGNA HEALTH AND LIFE INSURANCE COMPANY~N3|P. O. BOX 182223~N4|CHATTANOOGA|TN|374227223~REF|2U|62308~N1|PE|DFW GERIATRICS PLLC|XX|1063835361~N3|2925 SKYWAY N CIR~N4|IRVING|TX|750383510~REF|TJ|464596718~LX|1~TS3|1063835361|11|20151231|1|24~CLP|5892-2693|4|24|0||13|8651513207560|11|1~NM1|QC|1|ANKEM|LAKSHMI|D|||MI|U3719966202~NM1|IL|1|ANKEM|LAKSHMI||||MI|U3719966201~NM1|82|1|KETHA|SUMANA|D|||XX|1962447805~REF|1L|3318596~REF|CE|OPEN ACCESS PLUS~DTM|050|20150512~DTM|232|20150324~DTM|233|20150324~PER|CX|MEMBER SERVICES|TE|8002446224~SVC|HC^99211|24|0||||1~CAS|CO|18|24~REF|6R|1445549035Z1~LQ|HE|N522~SE|31|0006~GE|6|906~IEA|1|000000911~