ISA|00|          |00|          |ZZ|ZIRMED         |29|E12705         |150909|0505|U|00401|000001311|0|P|^~GS|HP|ZIRMED|E12705|20150909|0505|1306|X|004010X091A1~ST|835|0001~BPR|I|1642.95|C|ACH|CCP|01|081517693|DA|152302017594|1205296137||01|111000025|DA|488038453432|20150909~TRN|1|890935877|1205296137~REF|EV|E12705~DTM|405|20150908~N1|PR|NOVITAS SOLUTIONS, INC.~N3|PO BOX 3110~N4|MECHANICSBURG|PA|170551826~REF|2U|04412~PER|CX||TE|8552528782~N1|PE|DFW GERIATRICS PLLC|XX|1063835361~N3|2925 SKYWAY CIRCLE NORTH~N4|IRVING|TX|750383510~REF|TJ|464596718~LX|1~CLP|304-3646|1|130|81.56|20.8|MB|2815238887840|11|1~NM1|QC|1|CEPEDA|MARGIE||||HN|429762401A~NM1|82|1||||||XX|1962447805~MOA|||MA01~DTM|050|20150826~SVC|HC^99214|130|81.56||1~DTM|472|20150821~CAS|CO|45|25.98||253|1.66~CAS|PR|2|20.8~REF|6R|1537301335Z1~REF|LU|11~AMT|B6|104.02~CLP|313-2176|19|130|72.32|18.45|MB|2815238388990|11|1~NM1|QC|1|FRICK|TERRY||||HN|467375415A~NM1|82|1||||||XX|1679978068~NM1|TT|2|ARKANSAS MEDICAID PROGRAM|||||PI|70017~MOA|||MA01|MA07~DTM|050|20150826~SVC|HC^99214|130|72.32||1~DTM|472|20141107~CAS|CO|45|37.75||253|1.48~CAS|PR|2|18.45~REF|6R|1536971418Z1~REF|LU|11~AMT|B6|92.25~CLP|313-3653|19|106|65.67|16.76|MB|2815238887870|11|1~NM1|QC|1|FRICK|TERRY||||HN|467375415A~NM1|82|1||||||XX|1962447805~NM1|TT|2|ARKANSAS MEDICAID PROGRAM|||||PI|70017~MOA|||MA01|MA07~DTM|050|20150826~SVC|HC^99213^25|88|54.94||1~DTM|472|20150821~CAS|CO|45|17.92||253|1.12~CAS|PR|2|14.02~REF|6R|1537301348Z1~REF|LU|11~AMT|B6|70.08~SVC|HC^99406|18|10.73||1~DTM|472|20150821~CAS|CO|45|4.31||253|.22~CAS|PR|2|2.74~REF|6R|1537301348Z2~REF|LU|11~AMT|B6|13.69~CLP|6026-3651|1|496|294|75|MB|2815238887860|11|1~NM1|QC|1|HEIDLEBERG|GEORGE||||HN|461465630A~NM1|82|1||||||XX|1962447805~MOA|||MA01~DTM|050|20150826~SVC|HC^99214^25|130|81.56||1~DTM|472|20150821~CAS|CO|45|25.98||253|1.66~CAS|PR|2|20.8~REF|6R|1537301347Z1~REF|LU|11~AMT|B6|104.02~SVC|HC^95923|252|145.78||1~DTM|472|20150821~CAS|CO|45|66.05||253|2.98~CAS|PR|2|37.19~REF|6R|1537301347Z2~REF|LU|11~AMT|B6|185.95~SVC|HC^95921|110|66.66||1~DTM|472|20150821~CAS|CO|45|24.97||253|1.36~CAS|PR|2|17.01~REF|6R|1537301347Z3~REF|LU|11~AMT|B6|85.03~SVC|HC^94760|4|0||||1~DTM|472|20150821~CAS|CO|50|4~REF|6R|1537301347Z4~REF|LU|11~LQ|HE|M25~LQ|HE|N115~CLP|6038-3498|1|47|31.09|7.93|MB|2815238389070|11|1~NM1|QC|1|HEIDLEBERG|LINDA||||HN|458527091A~NM1|82|1||||||XX|1962447805~MOA|||MA01~DTM|050|20150826~SVC|HC^G0179|47|31.09||1~DTM|472|20150511~CAS|CO|45|7.35||253|.63~CAS|PR|2|7.93~REF|6R|1536991489Z1~REF|LU|11~AMT|B6|39.65~CLP|6038-3650|1|496|294|75|MB|2815238887850|11|1~NM1|QC|1|HEIDLEBERG|LINDA||||HN|458527091A~NM1|82|1||||||XX|1962447805~MOA|||MA01~DTM|050|20150826~SVC|HC^99214^25|130|81.56||1~DTM|472|20150821~CAS|CO|45|25.98||253|1.66~CAS|PR|2|20.8~REF|6R|1537301344Z1~REF|LU|11~AMT|B6|104.02~SVC|HC^94760|4|0||||1~DTM|472|20150821~CAS|CO|97|4~REF|6R|1537301344Z2~REF|LU|11~LQ|HE|M80~SVC|HC^95923|252|145.78||1~DTM|472|20150821~CAS|CO|45|66.05||253|2.98~CAS|PR|2|37.19~REF|6R|1537301344Z3~REF|LU|11~AMT|B6|185.95~SVC|HC^95921|110|66.66||1~DTM|472|20150821~CAS|CO|45|24.97||253|1.36~CAS|PR|2|17.01~REF|6R|1537301344Z4~REF|LU|11~AMT|B6|85.03~CLP|6047-3664|19|174|98.37|25.09|MB|2815238887880|11|1~NM1|QC|1|MARTINEZ|CAROLYN||||HN|450966097A~NM1|82|1||||||XX|1679978068~NM1|TT|2|TX HEALTH & HUMAN SERVICES COMMI|||||PI|70051~MOA|||MA01|MA07~DTM|050|20150826~SVC|HC^99215|174|98.37||1~DTM|472|20150721~CAS|CO|45|48.53||253|2.01~CAS|PR|2|25.09~REF|6R|1537310546Z1~REF|LU|11~AMT|B6|125.47~CLP|78-2409|19|193|125.55|32.03|MB|2815238389140|32|1~NM1|QC|1|NELSON|HELEN|R|||HN|452520020M~NM1|82|1||||||XX|1962447805~NM1|TT|2|TX HEALTH & HUMAN SERVICES COMMI|||||PI|70051~MOA|||MA01|MA07~DTM|050|20150826~SVC|HC^99306^GW|193|125.55||1~DTM|472|20150220~CAS|CO|45|32.86||253|2.56~CAS|PR|2|32.03~REF|6R|1537023102Z1~REF|LU|32~AMT|B6|160.14~CLP|720-3433|19|148|91.82|23.42|MB|2815238887810|11|1~NM1|QC|1|RHODES|JIMMY||||HN|458827716A~NM1|82|1||||||XX|1962447805~NM1|TT|2|UNITEDHEALTH GROUP|||||PI|30002~MOA|||MA01|MA18~DTM|050|20150826~SVC|HC^99214^25|130|81.14||1~DTM|472|20150623~CAS|CO|45|26.5||253|1.66~CAS|PR|2|20.7~REF|6R|1537256957Z1~REF|LU|11~AMT|B6|103.5~SVC|HC^99406|18|10.68||1~DTM|472|20150623~CAS|CO|45|4.38||253|.22~CAS|PR|2|2.72~REF|6R|1537256957Z2~REF|LU|11~AMT|B6|13.62~CLP|720-3590|19|88|54.94|14.02|MB|2815238887820|11|1~NM1|QC|1|RHODES|JIMMY||||HN|458827716A~NM1|82|1||||||XX|1962447805~NM1|TT|2|UNITEDHEALTH GROUP|||||PI|30002~MOA|||MA01|MA15|MA18~DTM|050|20150826~SVC|HC^99213^25|88|54.94||1~DTM|472|20150709~CAS|CO|45|17.92||253|1.12~CAS|PR|2|14.02~REF|6R|1537257184Z1~REF|LU|11~AMT|B6|70.08~CLP|410-3643|19|496|294|75|MB|2815238887830|11|1~NM1|QC|1|TAYLOR|LEONARD||||HN|426680464A~NM1|82|1||||||XX|1962447805~NM1|TT|2|TX HEALTH & HUMAN SERVICES COMMI|||||PI|70051~MOA|||MA01|MA07~DTM|050|20150826~SVC|HC^99214^25|130|81.56||1~DTM|472|20150821~CAS|CO|45|25.98||253|1.66~CAS|PR|2|20.8~REF|6R|1537301330Z1~REF|LU|11~AMT|B6|104.02~SVC|HC^95923|252|145.78||1~DTM|472|20150821~CAS|CO|45|66.05||253|2.98~CAS|PR|2|37.19~REF|6R|1537301330Z2~REF|LU|11~AMT|B6|185.95~SVC|HC^95921|110|66.66||1~DTM|472|20150821~CAS|CO|45|24.97||253|1.36~CAS|PR|2|17.01~REF|6R|1537301330Z3~REF|LU|11~AMT|B6|85.03~SVC|HC^94760|4|0||||1~DTM|472|20150821~CAS|CO|50|4~REF|6R|1537301330Z4~REF|LU|11~LQ|HE|M25~LQ|HE|N115~CLP|410-2884|19|130|72.61|18.52|MB|2815238887900|11|1~NM1|QC|1|TAYLOR|LEONARD||||HN|426680464A~NM1|82|1||||||XX|1679978068~NM1|TT|2|TX HEALTH & HUMAN SERVICES COMMI|||||PI|70051~MOA|||MA01|MA07~DTM|050|20150826~SVC|HC^99214|130|72.61||1~DTM|472|20150505~CAS|CO|45|37.39||253|1.48~CAS|PR|2|18.52~REF|6R|1537317261Z1~REF|LU|11~AMT|B6|92.61~CLP|277-1186|1|189|123.35|31.46|MB|2815238389050|21|1~NM1|QC|1|TURNEY|IDALIAH|J|||HN|434307148A~NM1|82|1||||||XX|1962447805~MOA|||MA01~DTM|050|20150826~SVC|HC^99232^25|83|54.18||1~DTM|472|20141012~CAS|CO|45|13.89||253|1.11~CAS|PR|2|13.82~REF|6R|1536987609Z1~REF|LU|21~AMT|B6|69.11~SVC|HC^99356|106|69.17||1~DTM|472|20141012~CAS|CO|45|17.78||253|1.41~CAS|PR|2|17.64~REF|6R|1536987609Z2~REF|LU|21~AMT|B6|88.22~CLP|320-3666|1|174|98.37|25.09|MB|2815238887890|11|1~NM1|QC|1|VILLALPANDO|DIANA||||HN|457412151A~NM1|82|1||||||XX|1679978068~MOA|||MA01~DTM|050|20150826~SVC|HC^99215|174|98.37||1~DTM|472|20150721~CAS|CO|45|48.53||253|2.01~CAS|PR|2|25.09~REF|6R|1537310550Z1~REF|LU|11~AMT|B6|125.47~PLB|1063835361|20151231|WO^455815170703550    310-2953|81.79|WO^455715201471040    403-2562|72.91~SE|276|0001~GE|1|1306~IEA|1|000001311~