ISA|00|          |00|          |ZZ|ZIRMED         |30|611340767      |150811|0910|U|00401|000001980|0|P|^~GS|HP|ZIRMED|611340767|20150811|0910|1977|X|004010X091A1~ST|835|0001~BPR|I|158.84|C|ACH|CCP|01|031100209|DA|0038865237|1066033492||01|111000025|DA|488038453322|20150813~TRN|1|160810150013051|1066033492~REF|EV|611340767~DTM|405|20150811~N1|PR|AETNA~N3|151 FARMINGTON AVENUE~N4|HARTFORD|CT|06156~N1|PE|DFW GERIATRICS PLLC|XX|1124441423~N3|2925 SKYWAY CIR N~N4|IRVING|TX|750383510~REF|PQ|080405540~REF|TJ|464596181~LX|1~TS3|1962447805|12|20151231|1|376.16~CLP|5956-7073|1|376.16|158.84||13|150806E563570000|12|1~NM1|QC|1|WILLIAMS|WILMA||||MI|MEBJ8VPW~NM1|82|2|DFW GERIATRICS PLLC|||||XX|1962447805~REF|1L|354807-087~REF|CE|PPO CHOICE PLAN NET 03395~DTM|232|20150731~DTM|233|20150731~DTM|050|20150806~PER|CX||TE|8006240756~AMT|AU|267~SVC|HC^99496^25|267|158.84||1~DTM|472|20150731~CAS|CO|253|3.24||45|104.92~REF|6R|1519509906Z1~AMT|B6|162.08~LQ|HE|N59~SVC|HC^99356|106|0||0||1~DTM|472|20150731~CAS|CO|96|106|1~REF|6R|1519509906Z3~LQ|HE|M66~SVC|HC^94760|3.16|0||0||1~DTM|472|20150731~CAS|CO|50|3.16|1~REF|6R|1519509906Z2~SE|41|0001~GE|1|1977~IEA|1|000001980~