ISA|00|          |00|          |ZZ|ZIRMED         |30|611340767      |150210|0943|U|00401|000000560|0|P|^~GS|HP|ZIRMED|611340767|20150210|0943|555|X|004010X091A1~ST|835|0001~BPR|I|55.78|C|ACH|CCP|01|011900445|DA|0000009046|1066033492||01|111000025|DA|488038453432|20150213~TRN|1|815040550003664|1066033492~REF|EV|611340767~DTM|405|20150210~N1|PR|AETNA~N3|151 FARMINGTON AVENUE~N4|HARTFORD|CT|06156~N1|PE|KETHA, SUMANA|XX|1063835361~N3|2925 SKYWAY CIR N~N4|IRVING|TX|750383510~REF|PQ|762610840~REF|TJ|464596718~LX|1~TS3|1063835361|31|20151231|4|417~CLP|325-1684|2|79|10.57|2.64|15|EKTWK316G0000|31|1~NM1|QC|1|MCNEELY|PEGGY|J|||MI|454266376D~NM1|74|1||||||C|W011916249~NM1|82|1|KETHA|SUMANA||||XX|1063835361~REF|1L|0895980-030-00100-CI~REF|CE|TRADITIONAL CHOICE~DTM|232|20140606~DTM|233|20140606~DTM|050|20150129~PER|CX||TE|8886323862~AMT|AU|79~SVC|HC^99308|79|10.57||1~DTM|472|20140606~CAS|OA|23|65.79~CAS|PR|2|2.64~REF|6R|1344363746Z1~AMT|B6|65.01~LQ|HE|N192~CLP|214-1705|2|79|10.57|2.64|15|ELPBK2L3X0000|31|1~NM1|QC|1|MILLER JR|WILLIAM|C|||MI|458344463A~NM1|74|1|MILLER||||JR|C|W081488962~NM1|82|1|KETHA|SUMANA||||XX|1063835361~REF|1L|0701224-015-00714-NB~REF|CE|TRADITIONAL CHOICE~DTM|232|20141211~DTM|233|20141211~DTM|050|20150129~PER|CX||TE|8886323862~AMT|AU|79~SVC|HC^99308|79|10.57||1~DTM|472|20141211~CAS|OA|23|65.79~CAS|PR|2|2.64~REF|6R|1344073868Z1~AMT|B6|65.01~LQ|HE|N192~CLP|272-1730|2|155|20.71|5.18|15|EMABK37B80000|31|1~NM1|QC|1|HUCKABEE|CHARLES|C|||MI|461347627A~NM1|74|1||||||C|W115629374~NM1|82|1|KETHA|SUMANA||||XX|1063835361~REF|1L|0469670-030-00103- U~REF|CE|MAJOR MEDICAL~DTM|232|20141211~DTM|233|20141211~DTM|050|20150129~PER|CX||TE|8886323862~AMT|AU|155~SVC|HC^99310|155|20.71||1~DTM|472|20141211~CAS|OA|23|129.11~CAS|PR|2|5.18~REF|6R|1344073877Z1~AMT|B6|127.4~LQ|HE|N192~CLP|214-1636|2|104|13.93|3.48|15|EM35K3ZT80000|31|1~NM1|QC|1|MILLER JR|WILLIAM|C|||MI|458344463A~NM1|74|1|MILLER||||JR|C|W081488962~NM1|82|1|KETHA|SUMANA||||XX|1063835361~REF|1L|0701224-015-00714-NB~REF|CE|TRADITIONAL CHOICE~DTM|232|20141204~DTM|233|20141204~DTM|050|20150129~PER|CX||TE|8886323862~AMT|AU|104~SVC|HC^99309|104|13.93||1~DTM|472|20141204~CAS|OA|23|86.59~CAS|PR|2|3.48~REF|6R|1344075124Z1~AMT|B6|85.66~LQ|HE|N192~SE|88|0001~GE|1|555~IEA|1|000000560~