ISA|00|          |00|          |ZZ|ZIRMED         |ZZ|AV09311993     |150823|0942|U|00401|000002063|0|P|^~GS|HP|ZIRMED|AV01101957|20150823|0942|2060|X|004010X091A1~ST|835|0001~BPR|I|352.46|C|ACH|CCP|01|031100209|DA|38153758|1610994632||01|111000025|DA|488038453322|20150825~TRN|1|011840011358267|1610994632~REF|EV|030240928~DTM|405|20150822~N1|PR|HUMANA INC.|XV|610647538~N3|P.O. BOX 14601~N4|LEXINGTON|KY|405124601~N1|PE|TEXAS PHYSICIAN HOUSE CALLS PL|XX|1124441423~N3|2925 SKYWAY CIR N~N4|IRVING|TX|750383510~REF|PQ|323517~REF|TJ|464596181~LX|1~TS3|1962447805|12|20151231|2|408~CLP|5897-7195|1|204|176.23||16|156140679|12|1~NM1|QC|1|WORMLEY|ROBERT||||MI|H05199334~NM1|74|1|WORMLEY|ROBERT||||C|H05199334~NM1|82|1|KETHA|SUMANA||||XX|1962447805~REF|1L|0Q321419~REF|CE|MEDICARE ADVANTAGE HMO~DTM|232|20150806~DTM|233|20150806~DTM|050|20150819~PER|CX|RIVERSIDE PHYSICIAN NETWORK|TE|9517889800~SVC|HC^99350|204|176.23||1~DTM|472|20150806~CAS|CO|253|3.6||45|24.17~REF|6R|1530845728Z1~AMT|B6|179.83~CLP|5825-7218|1|204|176.23||16|156140680|12|1~NM1|QC|1|FORD|NELL||||MI|H51880346~NM1|74|1|FORD|NELL||||C|H51880346~NM1|82|1|KETHA|SUMANA||||XX|1962447805~REF|1L|0Q321419~REF|CE|MEDICARE ADVANTAGE HMO~DTM|232|20150811~DTM|233|20150811~DTM|050|20150819~PER|CX|RIVERSIDE PHYSICIAN NETWORK|TE|9517889800~SVC|HC^99350|204|176.23||1~DTM|472|20150811~CAS|CO|253|3.6||45|24.17~REF|6R|1530845745Z1~AMT|B6|179.83~SE|46|0001~GE|1|2060~IEA|1|000002063~