ISA|00|          |00|          |ZZ|ZIRMED         |ZZ|AV09311993     |150909|2243|U|00401|000001320|0|P|^~GS|HP|ZIRMED|AV01101957|20150909|2243|1315|X|004010X091A1~ST|835|0001~BPR|I|168.42|C|CHK||||||||||||20150908~TRN|1|C15251339848480|1361236610|CP201509083398484800~REF|EV|TX8355010~DTM|405|20150908~N1|PR|BLUECROSS BLUESHIELD OF TEXAS~N3|P O BOX 660044~N4|DALLAS|TX|752660044~REF|2U|G84980~N1|PE|DFW GERIATRICS PLLC|XX|1063835361~N3|2925 SKYWAY CIR N~N4|IRVING|TX|750383510~REF|TJ|464596718~LX|1~CLP|1796-3645|1|130|93.21|20|12|020152385007Z020X00|11|1~NM1|QC|1|FUENTES|MARY||||MI|TEA806005526~NM1|82|1|KETHA|SUMANA||||XX|1962447805~REF|1L|000ZGCFAP0000~REF|CE|PREFERRED PROVIDER ORGANIZATION~DTM|232|20150821~DTM|233|20150821~DTM|050|20150826~AMT|AU|113.21~SVC|HC^99214|130|93.21||1~DTM|472|20150821~CAS|CO|45|16.79~CAS|PR|2|20~REF|6R|1537301333Z1~AMT|B6|113.21~LX|2~CLP|5678-3662|1|130|75.21|38|12|0201523950C58950X00|11|1~NM1|QC|1|HARRIS|MARY||||MI|UXE905620421~NM1|82|1|KETHA|SUMANA||||XX|1962447805~REF|1L|000ZGPPOX0000~REF|CE|PREFERRED PROVIDER ORGANIZATION~DTM|232|20150825~DTM|233|20150825~DTM|050|20150827~AMT|F5|38~AMT|AU|113.21~SVC|HC^99214|130|75.21||1~DTM|472|20150825~CAS|CO|45|16.79~CAS|PR|2|38~REF|6R|1538315662Z1~AMT|B6|113.21~SE|47|0001~GE|1|1315~IEA|1|000001320~