ISA|00|          |00|          |ZZ|ZIRMED         |ZZ|GATE0084       |151006|0757|U|00401|000001425|1|P|^~GS|HP|ZIRMED|GATE0084|20151006|0757|1420|X|004010X091A1~ST|835|0001~BPR|I|128.3|C|CHK||||||||||||20151002~TRN|1|QC10687095|1411289245|000087726~DTM|405|20151002~N1|PR|UNITED HEALTHCARE INSURANCE COMPANY|XV|87726~N3|GREENSBORO SERVICE CENTER|PO BOX 30555~N4|SALT LAKE CITY|UT|841300555~REF|2U|87726~PER|CX|GREENSBORO SERVICE CENTER|TE|8778423210~N1|PE|SUMANA KETHA|XX|1063835361~N3|2925 SKYWAY CIR N~N4|IRVING|TX|750380000~REF|TJ|464596718~LX|1~TS3|1063835361|11|20151231|1|155~CLP|6076-3863|1|155|128.3||13|5209864285 0018520535|11|1~NM1|QC|1|BONDADA|SWARNALATHA~NM1|IL|1|BONDADA|SWARNALATHA||||MI|901440925~NM1|74|1||BASAVESWAR R~NM1|82|1|KETHA|SUMANA||||XX|1962447805~REF|1L|902732~REF|CE|COMP BA~DTM|050|20150921~DTM|232|20150915~AMT|AU|155~SVC|HC^99396|155|128.3||1~DTM|472|20150915~CAS|CO|45|26.7~REF|6R|1558195994Z1~AMT|B6|128.3~SE|31|0001~ST|835|0002~BPR|I|186.07|C|CHK||||||||||||20151002~TRN|1|QC60056647|1411289245|000087726~DTM|405|20151002~N1|PR|UNITED HEALTHCARE INSURANCE COMPANY|XV|87726~N3|GREENSBORO SMALL GROUP|P O BOX 740800~N4|ATLANTA|GA|303740800~REF|2U|87726~PER|CX|GREENSBORO SMALL GROUP|TE|8778423210~N1|PE|SUMANA KETHA|XX|1063835361~N3|2925 SKYWAY CIR N~N4|IRVING|TX|750380000~REF|TJ|464596718~LX|1~TS3|1063835361|11|20151231|2|216~CLP|6119-3826|1|160|134.74||13|5205135462 0205927638|11|1~NM1|QC|1|SHARMA|BAL|C~NM1|IL|1|SHARMA|BAL|C|||MI|909304762~NM1|82|1|KETHA|SUMANA||||XX|1962447805~MOA|||MA15~REF|CE|CHOYC+~REF|1L|6P9778~DTM|050|20150916~DTM|232|20150911~AMT|AU|160~SVC|HC^99385^25|160|134.74||1~DTM|472|20150911~CAS|CO|45|25.26~REF|6R|1554584641Z1~AMT|B6|134.74~CLP|6119-3826|1|56|51.33||13|5205135462 0205927658|11|1~NM1|QC|1|SHARMA|BAL|C~NM1|IL|1|SHARMA|BAL|C|||MI|909304762~NM1|82|1|KETHA|SUMANA||||XX|1962447805~MOA|||MA15~REF|1L|6P9778~REF|CE|CHOYC+~DTM|050|20150916~DTM|232|20150911~AMT|AU|56~SVC|HC^90654|23|22.33||1~DTM|472|20150911~CAS|CO|45|.67~REF|6R|1554584641Z4~AMT|B6|22.33~SVC|HC^90471|33|29||1~DTM|472|20150911~CAS|CO|45|4~REF|6R|1554584641Z5~AMT|B6|29~SE|51|0002~GE|2|1420~IEA|1|000001425~