ISA|00|          |00|          |ZZ|ZIRMED         |29|E12705         |150507|0655|U|00401|000000865|0|P|^~GS|HP|ZIRMED|E12705|20150507|0655|860|X|004010X091A1~ST|835|0001~BPR|I|315.71|C|ACH|CCP|01|081517693|DA|152302017594|1205296137||01|111000025|DA|488038453432|20150507~TRN|1|890134598|1205296137~REF|EV|E12705~DTM|405|20150506~N1|PR|NOVITAS SOLUTIONS, INC.~N3|PO BOX 3110~N4|MECHANICSBURG|PA|170551826~REF|2U|04412~PER|CX||TE|8552528782~N1|PE|DFW GERIATRICS PLLC|XX|1063835361~N3|2925 SKYWAY CIRCLE NORTH~N4|IRVING|TX|750383510~REF|TJ|464596718~LX|1~CLP|420-2647|19|130|72.61|18.52|MB|2815113814640|11|1~NM1|QC|1|AGANON|ASTERIO||||HN|630768999A~NM1|82|1||||||XX|1679978068~NM1|TT|2|ASSURED LIFE ASSOCIATION|||||PI|30281~MOA|||MA01|MA18~DTM|050|20150423~SVC|HC^99214|130|72.61||1~DTM|472|20150311~CAS|CO|45|37.39||253|1.48~CAS|PR|2|18.52~REF|LU|11~REF|6R|1430504263Z1~AMT|B6|92.61~CLP|429-2655|19|130|72.61|18.52|MB|2815113814690|11|1~NM1|QC|1|BROWN|JACQUELIN||||HN|465336765A~NM1|82|1||||||XX|1679978068~NM1|TT|2|TX HEALTH & HUMAN SERVICES COMMI|||||PI|70051~MOA|||MA01|MA07~DTM|050|20150423~SVC|HC^99214|130|72.61||1~DTM|472|20150311~CAS|CO|45|37.39||253|1.48~CAS|PR|2|18.52~REF|LU|11~REF|6R|1430504270Z1~AMT|B6|92.61~CLP|419-2652|1|130|72.61|18.52|MB|2815113814680|11|1~NM1|QC|1|PITMAN|WANDA||||HN|452401970B~NM1|82|1||||||XX|1679978068~MOA|||MA01~DTM|050|20150423~SVC|HC^99214|130|72.61||1~DTM|472|20150316~CAS|CO|45|37.39||253|1.48~CAS|PR|2|18.52~REF|LU|11~REF|6R|1430504267Z1~AMT|B6|92.61~CLP|352-2650|1|174|97.88|24.97|MB|2815113814670|11|1~NM1|QC|1|RAYMOND|JAMES||||HN|565788029A~NM1|82|1||||||XX|1679978068~MOA|||MA01~DTM|050|20150423~SVC|HC^99215|174|97.88||1~DTM|472|20150316~CAS|CO|45|49.15||253|2~CAS|PR|2|24.97~REF|LU|11~REF|6R|1430504266Z1~AMT|B6|124.85~SE|66|0001~GE|1|860~IEA|1|000000865~