ISA|00|          |00|          |ZZ|ZIRMED         |ZZ|GATE0084       |150915|0010|U|00401|000001357|1|P|^~GS|HP|ZIRMED|GATE0084|20150915|0010|1352|X|004010X091A1~ST|835|0001~BPR|I|155.58|C|CHK||||||||||||20150911~TRN|1|PH91258075|1411289245|000087726~DTM|405|20150911~N1|PR|UNITED HEALTHCARE INSURANCE COMPANY|XV|87726~N3|SPRINGFIELD SERVICE CENTER|P O BOX 30555~N4|SALT LAKE CITY|UT|841300555~REF|2U|87726~PER|CX|SPRINGFIELD SERVICE CENTER|TE|8778423210~N1|PE|SUMANA KETHA|XX|1063835361~N3|2925 SKYWAY CIR N~N4|IRVING|TX|750380000~REF|TJ|464596718~LX|1~TS3|1063835361|11|20151231|2|218~CLP|5657-3772|1|88|58.92|20|13|5197255416 0073214393|11|1~NM1|QC|1|PULLAKANDAM|ANUSHA~NM1|IL|1|PULLAKANDAM|ANUSHA||||MI|957110687~NM1|74|1|KAKARAPARTHY|SRINIVASA|R~NM1|82|1|KETHA|SUMANA||||XX|1962447805~REF|1L|227475~REF|CE|CHOYC+~DTM|050|20150909~DTM|232|20150626~AMT|AU|88~SVC|HC^99213|88|58.92||1~DTM|472|20150626~CAS|CO|45|9.08~CAS|PR|3|20~REF|6R|1547810377Z1~AMT|B6|78.92~CLP|5656-3764|1|130|96.66|20|13|5197748107 0073229446|11|1~NM1|QC|1|KAKARAPARTHY|SRINIVASA~NM1|IL|1|KAKARAPARTHY|SRINIVASA||||MI|957110687~NM1|74|1|||R~NM1|82|1|KETHA|SUMANA||||XX|1962447805~REF|1L|227475~REF|CE|CHOYC+~DTM|050|20150909~DTM|232|20150626~AMT|AU|130~SVC|HC^99214|130|96.66||1~DTM|472|20150626~CAS|CO|45|13.34~CAS|PR|3|20~REF|6R|1547924312Z1~AMT|B6|116.66~SE|48|0001~ST|835|0002~BPR|I|116.66|C|CHK||||||||||||20150911~TRN|1|QC10589748|1411289245|000087726~DTM|405|20150911~N1|PR|UNITED HEALTHCARE INSURANCE COMPANY|XV|87726~N3|GREENSBORO SERVICE CENTER|PO BOX 30555~N4|SALT LAKE CITY|UT|841300555~REF|2U|87726~PER|CX|GREENSBORO SERVICE CENTER|TE|8778423210~N1|PE|SUMANA KETHA|XX|1063835361~N3|2925 SKYWAY CIR N~N4|IRVING|TX|750380000~REF|TJ|464596718~LX|1~TS3|1063835361|11|20151231|2|134~CLP|6056-3667|1|130|116.66||13|5180174491 0017747791|11|1~NM1|QC|1|SANGER|SWARN~NM1|IL|1|SANGER|SWARN||||MI|925583603~NM1|82|1|KETHA|SUMANA||||XX|1962447805~REF|1L|902732~REF|CE|COMP BA~DTM|050|20150826~DTM|232|20150721~AMT|AU|130~SVC|HC^99214|130|116.66||1~DTM|472|20150721~CAS|CO|45|13.34~REF|6R|1537310551Z1~AMT|B6|116.66~LQ|HE|MA67~CLP|5977-3729|1|4|0|4|13|5190141757 0017896284|11|1~NM1|QC|1|JOSHI|KRISHNA~NM1|IL|1|JOSHI|KRISHNA||||MI|905671804~NM1|82|1|KETHA|SUMANA||||XX|1962447805~MOA|||MA15~REF|1L|902732~REF|CE|COMP BA~DTM|036|20150729~DTM|050|20150902~DTM|232|20150804~SVC|HC^94760|4|0||1~DTM|472|20150804~CAS|PR|27|4~REF|6R|1543338128Z2~SE|45|0002~ST|835|0003~BPR|I|176.04|C|CHK||||||||||||20150911~TRN|1|QC59968504|1411289245|000087726~DTM|405|20150911~N1|PR|UNITED HEALTHCARE INSURANCE COMPANY|XV|87726~N3|CHICO SERVICE CENTER|P O BOX 740800~N4|ATLANTA|GA|303740800~REF|2U|87726~PER|CX|CHICO SERVICE CENTER|TE|8778423210~N1|PE|SUMANA KETHA|XX|1063835361~N3|2925 SKYWAY CIR N~N4|IRVING|TX|750380000~REF|TJ|464596718~LX|1~TS3|1063835361|11|20151231|2|266~CLP|6043-3724|1|58|24.84|6.21|13|5191758097 0017906999|11|1~NM1|QC|1|SINGH|AMIT KUMAR~NM1|IL|1|SINGH|AMIT KUMAR||||MI|931891256~NM1|82|1|KETHA|SUMANA||||XX|1962447805~REF|CE|CHOYC+~REF|1L|902866~DTM|050|20150903~DTM|232|20150804~AMT|AU|34~SVC|HC^99211^25|24|0||1~DTM|472|20150804~CAS|CO|234|24~REF|6R|1544436067Z1~LQ|HE|M80~SVC|HC^J3420|5|1.64||1~DTM|472|20150804~CAS|CO|45|2.95~CAS|PR|2|.41~REF|6R|1544436067Z2~AMT|B6|2.05~SVC|HC^96372|29|23.2||1~DTM|472|20150804~CAS|PR|2|5.8~REF|6R|1544436067Z3~AMT|B6|29~CLP|6043-3774|1|208|151.2|37.8|13|5197255415 0018087224|11|1~NM1|QC|1|SINGH|AMIT KUMAR~NM1|IL|1|SINGH|AMIT KUMAR||||MI|931891256~NM1|82|1|KETHA|SUMANA||||XX|1962447805~REF|CE|CHOYC+~REF|1L|902866~DTM|050|20150909~DTM|232|20150626~AMT|AU|208~SVC|HC^99215^25|174|125.34||1~DTM|472|20150626~CAS|CO|45|17.32~CAS|PR|2|31.34~REF|6R|1547810381Z1~AMT|B6|156.68~SVC|HC^96372|29|23.2||1~DTM|472|20150626~CAS|PR|2|5.8~REF|6R|1547810381Z2~AMT|B6|29~SVC|HC^J3420|5|2.66||1~DTM|472|20150626~CAS|CO|45|1.68~CAS|PR|2|.66~REF|6R|1547810381Z3~AMT|B6|3.32~SE|67|0003~GE|3|1352~IEA|1|000001357~