ISA|00|          |00|          |ZZ|ZIRMED         |ZZ|11             |151119|0948|U|00401|000001583|0|P|^~GS|HP|ZIRMED|FIS123456789|20151119|0948|1578|X|004010X091A1~ST|835|0001~BPR|I|93.46|C|ACH|CCP|01|092904554|DA|150097034071|1201494502||01|111000025|DA|488038453432|20151118~TRN|1|EFT2974517|1201494502~REF|EV|FIS123456789~REF|F2|TXMC QNXT~DTM|405|20151117~N1|PR|MOLINA HEALTHCARE OF TEXAS, INC~N3|2505 N. STATE HIGHWAY 360|STE 300~N4|GRAND PRAIRIE|TX|75050~N1|PE|DFW PRIMARY CARE PLLC|XX|1063835361~N3|2925 SKYWAY CICLE NORTH~N4|IRVING|TX|750383510~REF|TJ|464596718~LX|1~CLP|553-4241|1|134|46.73||MC|15317890145~NM1|QC|1|LARGE|BILLY|W|||MI|615579278~NM1|82|1|KETHA|SUMANA||||XX|1962447805~REF|CE|TQMBPL6979~DTM|232|20151109~DTM|233|20151109~DTM|050|20151113~AMT|AU|134~SVC|HC^99214^25|130|46.73||1~DTM|472|20151109~CAS|CO|45|83.27~REF|6R|1604755603Z1~AMT|B6|46.73~SVC|HC^94760|4|0||1~DTM|472|20151109~CAS|CO|97|4~REF|6R|1604755603Z2~CLP|2016-4064|1|130|46.73||MC|15320895517~NM1|QC|1|GILHART|JOHN|C|||MI|530427610~NM1|82|1|KETHA|SUMANA||||XX|1962447805~REF|CE|TQMBPL6979~DTM|232|20151026~DTM|233|20151026~DTM|050|20151116~AMT|AU|130~SVC|HC^99214|130|46.73||1~DTM|472|20151026~CAS|CO|45|83.27~REF|6R|1605854361Z1~AMT|B6|46.73~SE|45|0001~GE|1|1578~IEA|1|000001583~