ISA|00|          |00|          |ZZ|ZIRMED         |29|E12705         |150214|0730|U|00401|000000593|0|P|^~GS|HP|ZIRMED|E12705|20150214|0730|588|X|004010X091A1~ST|835|0001~BPR|H|0|C|NON||||||||||||20150217~TRN|1|458727595|1205296137~REF|EV|E12705~DTM|405|20150213~N1|PR|NOVITAS SOLUTIONS, INC.~N3|PO BOX 3110~N4|MECHANICSBURG|PA|170551826~REF|2U|04412~PER|CX||TE|8552528782~N1|PE|DFW GERIATRICS PLLC|XX|1063835361~N3|2925 SKYWAY CIRCLE NORTH~N4|IRVING|TX|750383510~REF|TJ|464596718~LX|1~CLP|207-1988|1|104|0||MB|2815041738150|11|1~NM1|QC|1|JOHNSON|ROSEMARY|R|||HN|462149741A~NM1|82|1||||||XX|1962447805~MOA|||MA01~DTM|050|20150210~SVC|HC^99309|104|0||||1~DTM|472|20141113~CAS|CO|58|104~REF|LU|11~REF|6R|1369914191Z1~SE|26|0001~ST|835|0002~BPR|I|10097.58|C|ACH|CCP|01|081517693|DA|152302017594|1205296137||01|111000025|DA|488038453432|20150217~TRN|1|889606282|1205296137~REF|EV|E12705~DTM|405|20150213~N1|PR|NOVITAS SOLUTIONS, INC.~N3|PO BOX 3110~N4|MECHANICSBURG|PA|170551826~REF|2U|04412~PER|CX||TE|8552528782~N1|PE|DFW GERIATRICS PLLC|XX|1063835361~N3|2925 SKYWAY CIRCLE NORTH~N4|IRVING|TX|750383510~REF|TJ|464596718~LX|1~CLP|2-1953|19|104|68.25|17.41|MB|2815033889500|32|1~NM1|QC|1|ADKISON|SHELIA||||HN|465116244A~NM1|82|1||||||XX|1962447805~NM1|TT|2|TX HEALTH & HUMAN SERVICES COMMI|||||PI|70051~MOA|||MA01|MA07~DTM|050|20150202~SVC|HC^99309|104|68.25||1~DTM|472|20141120~CAS|CO|45|16.95||253|1.39~CAS|PR|2|17.41~REF|LU|32~REF|6R|1360888038Z1~AMT|B6|87.05~CLP|326-1891|19|104|58.51|18.58|MB|2815033888300|31|1~NM1|QC|1|ALARCON|LIRA||||HN|137500513D~NM1|82|1||||||XX|1952303547~NM1|TT|2|TX HEALTH & HUMAN SERVICES COMMI|||||PI|70051~MOA|||MA01|MA07~DTM|050|20150202~SVC|HC^99309|104|58.51||1~DTM|472|20150105~CAS|CO|45|25.72||253|1.19~CAS|PR|1|3.66||2|14.92~REF|LU|31~REF|6R|1360869861Z1~AMT|B6|78.28~CLP|326-1910|19|104|61.37|15.66|MB|2815033888430|31|1~NM1|QC|1|ALARCON|LIRA||||HN|137500513D~NM1|82|1||||||XX|1952303547~NM1|TT|2|TX HEALTH & HUMAN SERVICES COMMI|||||PI|70051~MOA|||MA01|MA07~DTM|050|20150202~SVC|HC^99309|104|61.37||1~DTM|472|20150108~CAS|CO|45|25.72||253|1.25~CAS|PR|2|15.66~REF|LU|31~REF|6R|1360870520Z1~AMT|B6|78.28~CLP|326-2039|19|104|61.37|15.66|MB|2815033888820|31|1~NM1|QC|1|ALARCON|LIRA||||HN|137500513D~NM1|82|1||||||XX|1952303547~NM1|TT|2|TX HEALTH & HUMAN SERVICES COMMI|||||PI|70051~MOA|||MA01|MA07~DTM|050|20150202~SVC|HC^99309|104|61.37||1~DTM|472|20150112~CAS|CO|45|25.72||253|1.25~CAS|PR|2|15.66~REF|LU|31~REF|6R|1360872665Z1~AMT|B6|78.28~CLP|326-2059|19|104|68.59|17.5|MB|2815033888940|31|1~NM1|QC|1|ALARCON|LIRA||||HN|137500513D~NM1|82|1||||||XX|1962447805~NM1|TT|2|TX HEALTH & HUMAN SERVICES COMMI|||||PI|70051~MOA|||MA01|MA07~DTM|050|20150202~SVC|HC^99309|104|68.59||1~DTM|472|20150115~CAS|CO|45|16.51||253|1.4~CAS|PR|2|17.5~REF|LU|31~REF|6R|1360872681Z1~AMT|B6|87.49~CLP|326-1897|19|155|90.82|23.17|MB|2815033889140|31|1~NM1|QC|1|ALARCON|LIRA||||HN|137500513D~NM1|82|1||||||XX|1952303547~NM1|TT|2|TX HEALTH & HUMAN SERVICES COMMI|||||PI|70051~MOA|||MA01|MA07~DTM|050|20150202~SVC|HC^99310|155|90.82||1~DTM|472|20141222~CAS|CO|45|39.16||253|1.85~CAS|PR|2|23.17~REF|LU|31~REF|6R|1360886366Z1~AMT|B6|115.84~CLP|189-1917|19|104|68.25|17.41|MB|2815033889340|32|1~NM1|QC|1|ALLISON|RALPH||||HN|457701387A~NM1|82|1||||||XX|1962447805~NM1|TT|2|TX HEALTH & HUMAN SERVICES COMMI|||||PI|70051~MOA|||MA01|MA07~DTM|050|20150202~SVC|HC^99309|104|68.25||1~DTM|472|20141124~CAS|CO|45|16.95||253|1.39~CAS|PR|2|17.41~REF|LU|32~REF|6R|1360888021Z1~AMT|B6|87.05~CLP|270-1898|19|104|61.06|15.58|MB|2815033889150|31|1~NM1|QC|1|AMEZCUA|MARTHA||||HN|353488101D~NM1|82|1||||||XX|1952303547~NM1|TT|2|TX HEALTH & HUMAN SERVICES COMMI|||||PI|70051~MOA|||MA01|MA07~DTM|050|20150202~SVC|HC^99309|104|61.06||1~DTM|472|20141222~CAS|CO|45|26.11||253|1.25~CAS|PR|2|15.58~REF|LU|31~REF|6R|1360886367Z1~AMT|B6|77.89~CLP|254-1854|1|104|68.25|17.41|MB|2815033887980|31|1~NM1|QC|1|APPEL|DARVIN||||HN|446407960A~NM1|82|1||||||XX|1962447805~MOA|||MA01~DTM|050|20150202~SVC|HC^99309|104|68.25||1~DTM|472|20141106~CAS|CO|45|16.95||253|1.39~CAS|PR|2|17.41~REF|LU|31~REF|6R|1360859837Z1~AMT|B6|87.05~CLP|7-2012|19|79|51.76|13.2|MB|2815033888340|31|1~NM1|QC|1|BACCUS|MARILYN|D|||HN|466179221T~NM1|82|1||||||XX|1962447805~NM1|TT|2|TX HEALTH & HUMAN SERVICES COMMI|||||PI|70051~MOA|||MA01|MA07~DTM|050|20150202~SVC|HC^99308|79|51.76||1~DTM|472|20150105~CAS|CO|45|12.98||253|1.06~CAS|PR|2|13.2~REF|LU|31~REF|6R|1360869865Z1~AMT|B6|66.02~CLP|7-2100|19|79|51.76|13.2|MB|2815033888960|32|1~NM1|QC|1|BACCUS|MARILYN|D|||HN|466179221T~NM1|82|1||||||XX|1962447805~NM1|TT|2|TX HEALTH & HUMAN SERVICES COMMI|||||PI|70051~MOA|||MA01|MA07~DTM|050|20150202~SVC|HC^99308|79|51.76||1~DTM|472|20150125~CAS|CO|45|12.98||253|1.06~CAS|PR|2|13.2~REF|LU|32~REF|6R|1360885933Z1~AMT|B6|66.02~CLP|7-1950|19|104|68.25|17.41|MB|2815033889470|32|1~NM1|QC|1|BACCUS|MARILYN|D|||HN|466179221T~NM1|82|1||||||XX|1962447805~NM1|TT|2|TX HEALTH & HUMAN SERVICES COMMI|||||PI|70051~MOA|||MA01|MA07~DTM|050|20150202~SVC|HC^99309|104|68.25||1~DTM|472|20141120~CAS|CO|45|16.95||253|1.39~CAS|PR|2|17.41~REF|LU|32~REF|6R|1360888035Z1~AMT|B6|87.05~CLP|279-1839|1|51|33.58|8.57|MB|2815033887900|31|1~NM1|QC|1|BANNER|JOSEPHINE|M|||HN|575283550A~NM1|82|1||||||XX|1962447805~MOA|||MA01~DTM|050|20150202~SVC|HC^99307|51|33.58||1~DTM|472|20141113~CAS|CO|45|8.16||253|.69~CAS|PR|2|8.57~REF|LU|31~REF|6R|1360859826Z1~AMT|B6|42.84~CLP|279-1884|1|104|61.37|15.66|MB|2815033888230|31|1~NM1|QC|1|BANNER|JOSEPHINE|M|||HN|575283550A~NM1|82|1||||||XX|1952303547~MOA|||MA01~DTM|050|20150202~SVC|HC^99309|104|61.37||1~DTM|472|20150105~CAS|CO|45|25.72||253|1.25~CAS|PR|2|15.66~REF|LU|31~REF|6R|1360869854Z1~AMT|B6|78.28~CLP|279-1971|1|51|33.52|8.55|MB|2815033888600|31|1~NM1|QC|1|BANNER|JOSEPHINE|M|||HN|575283550A~NM1|82|1||||||XX|1962447805~MOA|||MA01~DTM|050|20150202~SVC|HC^99307|51|33.52||1~DTM|472|20150108~CAS|CO|45|8.25||253|.68~CAS|PR|2|8.55~REF|LU|31~REF|6R|1360870537Z1~AMT|B6|42.75~CLP|169-1895|19|222|129.81|33.11|MB|2815033889130|33|1~NM1|QC|1|BARKLEY|MARY||||HN|467427467A~NM1|82|1||||||XX|1952303547~NM1|TT|2|UNITEDHEALTH GROUP|||||PI|30002~MOA|||MA01|MA18~DTM|050|20150202~SVC|HC^99337|222|129.81||1~DTM|472|20141222~CAS|CO|45|56.43||253|2.65~CAS|PR|2|33.11~REF|LU|33~REF|6R|1360886365Z1~AMT|B6|165.57~CLP|278-1843|19|104|68.25|17.41|MB|2815033887910|31|1~NM1|QC|1|BARNETT|WALTER|L|||HN|458342969A~NM1|82|1||||||XX|1962447805~NM1|TT|2|SIERRA HEALTH & LIFE INSURANCE C|||||PI|30096~MOA|||MA01|MA18~DTM|050|20150202~SVC|HC^99309|104|68.25||1~DTM|472|20141106~CAS|CO|45|16.95||253|1.39~CAS|PR|2|17.41~REF|LU|31~REF|6R|1360859827Z1~AMT|B6|87.05~CLP|278-1968|19|51|32.29|9.8|MB|2815033888570|31|1~NM1|QC|1|BARNETT|WALTER|L|||HN|458342969A~NM1|82|1||||||XX|1962447805~NM1|TT|2|SIERRA HEALTH & LIFE INSURANCE C|||||PI|30096~MOA|||MA01|MA18~DTM|050|20150202~SVC|HC^99307|51|32.29||1~DTM|472|20150108~CAS|CO|45|8.25||253|.66~CAS|PR|1|1.56||2|8.24~REF|LU|31~REF|6R|1360870534Z1~AMT|B6|42.75~CLP|10-2114|19|51|33.52|8.55|MB|2815033889090|32|1~NM1|QC|1|BENNETT|HARRAL||||HN|450600318A~NM1|82|1||||||XX|1962447805~NM1|TT|2|TX HEALTH & HUMAN SERVICES COMMI|||||PI|70051~MOA|||MA01|MA07~DTM|050|20150202~SVC|HC^99307|51|33.52||1~DTM|472|20150121~CAS|CO|45|8.25||253|.68~CAS|PR|2|8.55~REF|LU|32~REF|6R|1360885946Z1~AMT|B6|42.75~CLP|10-2061|19|104|68.25|17.41|MB|2815033889670|32|1~NM1|QC|1|BENNETT|HARRAL||||HN|450600318A~NM1|82|1||||||XX|1962447805~NM1|TT|2|TX HEALTH & HUMAN SERVICES COMMI|||||PI|70051~MOA|||MA01|MA07~DTM|050|20150202~SVC|HC^99309|104|68.25||1~DTM|472|20141113~CAS|CO|45|16.95||253|1.39~CAS|PR|2|17.41~REF|LU|32~REF|6R|1360893350Z1~AMT|B6|87.05~CLP|15-1943|19|104|68.25|17.41|MB|2815033889420|32|1~NM1|QC|1|BOOKER|ROY|G|||HN|458824469M~NM1|82|1||||||XX|1962447805~NM1|TT|2|TX HEALTH & HUMAN SERVICES COMMI|||||PI|70051~MOA|||MA01|MA07~DTM|050|20150202~SVC|HC^99309|104|68.25||1~DTM|472|20141120~CAS|CO|45|16.95||253|1.39~CAS|PR|2|17.41~REF|LU|32~REF|6R|1360888030Z1~AMT|B6|87.05~CLP|271-1846|19|104|68.25|17.41|MB|2815033887930|31|1~NM1|QC|1|BOYD|BETTYE|N|||HN|465347194A~NM1|82|1||||||XX|1962447805~NM1|TT|2|UNITEDHEALTHCARE|||||PI|00082~MOA|||MA01|MA18|N89~DTM|050|20150202~SVC|HC^99309|104|68.25||1~DTM|472|20141106~CAS|CO|45|16.95||253|1.39~CAS|PR|2|17.41~REF|LU|31~REF|6R|1360859830Z1~AMT|B6|87.05~CLP|296-1892|19|104|43.6|33.79|MB|2815033888310|31|1~NM1|QC|1|BRUHIN|GEROGIA||||HN|451221720A~NM1|82|1||||||XX|1952303547~NM1|TT|2|UNITEDHEALTH GROUP|||||PI|30002~MOA|||MA01|MA18~DTM|050|20150202~SVC|HC^99309|104|43.6||1~DTM|472|20150105~CAS|CO|45|25.72||253|.89~CAS|PR|1|22.67||2|11.12~REF|LU|31~REF|6R|1360869862Z1~AMT|B6|78.28~CLP|296-2036|19|104|61.37|15.66|MB|2815033888800|31|1~NM1|QC|1|BRUHIN|GEROGIA||||HN|451221720A~NM1|82|1||||||XX|1952303547~NM1|TT|2|UNITEDHEALTH GROUP|||||PI|30002~MOA|||MA01|MA18~DTM|050|20150202~SVC|HC^99309|104|61.37||1~DTM|472|20150112~CAS|CO|45|25.72||253|1.25~CAS|PR|2|15.66~REF|LU|31~REF|6R|1360872662Z1~AMT|B6|78.28~CLP|296-1905|19|104|61.06|15.58|MB|2815033889200|31|1~NM1|QC|1|BRUHIN|GEROGIA||||HN|451221720A~NM1|82|1||||||XX|1952303547~NM1|TT|2|UNITEDHEALTH GROUP|||||PI|30002~MOA|||MA01|MA18~DTM|050|20150202~SVC|HC^99309|104|61.06||1~DTM|472|20141222~CAS|CO|45|26.11||253|1.25~CAS|PR|2|15.58~REF|LU|31~REF|6R|1360886374Z1~AMT|B6|77.89~CLP|16-1928|19|79|51.8|13.21|MB|2815033889510|32|1~NM1|QC|1|BURCHETT|JAMES||||HN|456441264A~NM1|82|1||||||XX|1962447805~NM1|TT|2|TX HEALTH & HUMAN SERVICES COMMI|||||PI|70051~MOA|||MA01|MA07~DTM|050|20150202~SVC|HC^99308|79|51.8||1~DTM|472|20141118~CAS|CO|45|12.93||253|1.06~CAS|PR|2|13.21~REF|LU|32~REF|6R|1360893332Z1~AMT|B6|66.07~CLP|79-1945|19|104|68.25|17.41|MB|2815033889440|32|1~NM1|QC|1|BURTON|DOLORES|J|||HN|456446751A~NM1|82|1||||||XX|1962447805~NM1|TT|2|TX HEALTH & HUMAN SERVICES COMMI|||||PI|70051~MOA|||MA01|MA07~DTM|050|20150202~SVC|HC^99309|104|68.25||1~DTM|472|20141120~CAS|CO|45|16.95||253|1.39~CAS|PR|2|17.41~REF|LU|32~REF|6R|1360888032Z1~AMT|B6|87.05~CLP|361-2035|19|155|91.26|23.28|MB|2815033888790|31|1~NM1|QC|1|CAMERON|GLENNA|K|||HN|441328979A~NM1|82|1||||||XX|1952303547~NM1|TT|2|WPS - TRICARE FOR LIFE|||||PI|60000~MOA|||MA01|MA18~DTM|050|20150202~SVC|HC^99310|155|91.26||1~DTM|472|20150112~CAS|CO|45|38.6||253|1.86~CAS|PR|2|23.28~REF|LU|31~REF|6R|1360872661Z1~AMT|B6|116.4~CLP|361-2050|19|104|68.59|17.5|MB|2815033888880|31|1~NM1|QC|1|CAMERON|GLENNA|K|||HN|441328979A~NM1|82|1||||||XX|1962447805~NM1|TT|2|WPS - TRICARE FOR LIFE|||||PI|60000~MOA|||MA01|MA18~DTM|050|20150202~SVC|HC^99309|104|68.59||1~DTM|472|20150115~CAS|CO|45|16.51||253|1.4~CAS|PR|2|17.5~REF|LU|31~REF|6R|1360872672Z1~AMT|B6|87.49~CLP|332-1888|19|104|61.37|15.66|MB|2815033888270|31|1~NM1|QC|1|CARR|BILLIE|J|||HN|410241976D~NM1|82|1||||||XX|1952303547~NM1|TT|2|UNITEDHEALTH GROUP|||||PI|30002~MOA|||MA01|MA18~DTM|050|20150202~SVC|HC^99309|104|61.37||1~DTM|472|20150105~CAS|CO|45|25.72||253|1.25~CAS|PR|2|15.66~REF|LU|31~REF|6R|1360869858Z1~AMT|B6|78.28~CLP|332-1966|19|104|68.59|17.5|MB|2815033888550|31|1~NM1|QC|1|CARR|BILLIE|J|||HN|410241976D~NM1|82|1||||||XX|1962447805~NM1|TT|2|UNITEDHEALTH GROUP|||||PI|30002~MOA|||MA01|MA18~DTM|050|20150202~SVC|HC^99309|104|68.59||1~DTM|472|20150108~CAS|CO|45|16.51||253|1.4~CAS|PR|2|17.5~REF|LU|31~REF|6R|1360870532Z1~AMT|B6|87.49~CLP|332-1907|19|104|61.06|15.58|MB|2815033889230|31|1~NM1|QC|1|CARR|BILLIE|J|||HN|410241976D~NM1|82|1||||||XX|1952303547~NM1|TT|2|UNITEDHEALTH GROUP|||||PI|30002~MOA|||MA01|MA18~DTM|050|20150202~SVC|HC^99309|104|61.06||1~DTM|472|20141222~CAS|CO|45|26.11||253|1.25~CAS|PR|2|15.58~REF|LU|31~REF|6R|1360886377Z1~AMT|B6|77.89~CLP|332-2052|19|104|68.59|17.5|MB|2815033889330|31|1~NM1|QC|1|CARR|BILLIE|J|||HN|410241976D~NM1|82|1||||||XX|1962447805~NM1|TT|2|UNITEDHEALTH GROUP|||||PI|30002~MOA|||MA01|MA18~DTM|050|20150202~SVC|HC^99309|104|68.59||1~DTM|472|20150115~CAS|CO|45|16.51||253|1.4~CAS|PR|2|17.5~REF|LU|31~REF|6R|1360887625Z1~AMT|B6|87.49~CLP|117-1882|19|109|63.99|16.33|MB|2815033888210|33|1~NM1|QC|1|CHANCE|EUGENIA||||HN|466209252D~NM1|82|1||||||XX|1952303547~NM1|TT|2|TX HEALTH & HUMAN SERVICES COMMI|||||PI|70051~MOA|||MA01|MA07~DTM|050|20150202~SVC|HC^99335|109|63.99||1~DTM|472|20150105~CAS|CO|45|27.37||253|1.31~CAS|PR|2|16.33~REF|LU|33~REF|6R|1360869852Z1~AMT|B6|81.63~CLP|324-1875|19|109|24.68|56.45|MB|2815033888380|33|1~NM1|QC|1|CHOI|YOUNG|S|||HN|188661000M~NM1|82|1||||||XX|1952303547~NM1|TT|2|TX HEALTH & HUMAN SERVICES COMMI|||||PI|70051~MOA|||MA01|MA07~DTM|050|20150202~SVC|HC^99335|109|24.68||1~DTM|472|20150107~CAS|CO|45|27.37||253|.5~CAS|PR|1|50.16||2|6.29~REF|LU|33~REF|6R|1360870514Z1~AMT|B6|81.63~CLP|340-1960|19|104|68.25|17.41|MB|2815033889660|32|1~NM1|QC|1|CLOSE|JW||||HN|459866682A~NM1|82|1||||||XX|1962447805~NM1|TT|2|TX HEALTH & HUMAN SERVICES COMMI|||||PI|70051~MOA|||MA01|MA07~DTM|050|20150202~SVC|HC^99309|104|68.25||1~DTM|472|20141117~CAS|CO|45|16.95||253|1.39~CAS|PR|2|17.41~REF|LU|32~REF|6R|1360893349Z1~AMT|B6|87.05~CLP|92-1929|19|79|51.8|13.21|MB|2815033889520|32|1~NM1|QC|1|COLLINS|VELMA||||HN|449463498D~NM1|82|1||||||XX|1962447805~NM1|TT|2|TX HEALTH & HUMAN SERVICES COMMI|||||PI|70051~MOA|||MA01|MA07~DTM|050|20150202~SVC|HC^99308|79|51.8||1~DTM|472|20141118~CAS|CO|45|12.93||253|1.06~CAS|PR|2|13.21~REF|LU|32~REF|6R|1360893333Z1~AMT|B6|66.07~CLP|92-1959|19|104|68.25|17.41|MB|2815033889640|32|1~NM1|QC|1|COLLINS|VELMA||||HN|449463498D~NM1|82|1||||||XX|1962447805~NM1|TT|2|TX HEALTH & HUMAN SERVICES COMMI|||||PI|70051~MOA|||MA01|MA07~DTM|050|20150202~SVC|HC^99309|104|68.25||1~DTM|472|20141117~CAS|CO|45|16.95||253|1.39~CAS|PR|2|17.41~REF|LU|32~REF|6R|1360893347Z1~AMT|B6|87.05~CLP|336-1911|19|104|68.59|17.5|MB|2815033888690|31|1~NM1|QC|1|COMPTON|HELEN|F|||HN|570307026A~NM1|82|1||||||XX|1962447805~NM1|TT|2|NORTH AMERICAN INSURANCE COMPANY|||||PI|30155~MOA|||MA01|MA18~DTM|050|20150202~SVC|HC^99309|104|68.59||1~DTM|472|20150109~CAS|CO|45|16.51||253|1.4~CAS|PR|2|17.5~REF|LU|31~REF|6R|1360872651Z1~AMT|B6|87.49~CLP|336-2042|19|104|61.37|15.66|MB|2815033888850|31|1~NM1|QC|1|COMPTON|HELEN|F|||HN|570307026A~NM1|82|1||||||XX|1952303547~NM1|TT|2|NORTH AMERICAN INSURANCE COMPANY|||||PI|30155~MOA|||MA01|MA18~DTM|050|20150202~SVC|HC^99309|104|61.37||1~DTM|472|20150112~CAS|CO|45|25.72||253|1.25~CAS|PR|2|15.66~REF|LU|31~REF|6R|1360872668Z1~AMT|B6|78.28~CLP|336-2058|19|104|68.59|17.5|MB|2815033888930|31|1~NM1|QC|1|COMPTON|HELEN|F|||HN|570307026A~NM1|82|1||||||XX|1962447805~NM1|TT|2|NORTH AMERICAN INSURANCE COMPANY|||||PI|30155~MOA|||MA01|MA18~DTM|050|20150202~SVC|HC^99309|104|68.59||1~DTM|472|20150115~CAS|CO|45|16.51||253|1.4~CAS|PR|2|17.5~REF|LU|31~REF|6R|1360872680Z1~AMT|B6|87.49~CLP|298-1965|1|104|55.45|30.91|MB|2815033888540|31|1~NM1|QC|1|COX|DOROTHY||||HN|451013622D~NM1|82|1||||||XX|1962447805~MOA|||MA01~DTM|050|20150202~SVC|HC^99309|104|55.45||1~DTM|472|20150108~CAS|CO|45|16.51||253|1.13~CAS|PR|1|16.76||2|14.15~REF|LU|31~REF|6R|1360870531Z1~AMT|B6|87.49~CLP|216-1957|19|104|68.25|17.41|MB|2815033889620|32|1~NM1|QC|1|CRAWFORD|MARY||||HN|456448632D6~NM1|82|1||||||XX|1962447805~NM1|TT|2|TX HEALTH & HUMAN SERVICES COMMI|||||PI|70051~MOA|||MA01|MA07~DTM|050|20150202~SVC|HC^99309|104|68.25||1~DTM|472|20141117~CAS|CO|45|16.95||253|1.39~CAS|PR|2|17.41~REF|LU|32~REF|6R|1360893345Z1~AMT|B6|87.05~CLP|94-1939|19|104|68.25|17.41|MB|2815033889380|32|1~NM1|QC|1|CRENSHAW|RAYMOND||||HN|449505453M~NM1|82|1||||||XX|1962447805~NM1|TT|2|TX HEALTH & HUMAN SERVICES COMMI|||||PI|70051~MOA|||MA01|MA07~DTM|050|20150202~SVC|HC^99309|104|68.25||1~DTM|472|20141120~CAS|CO|45|16.95||253|1.39~CAS|PR|2|17.41~REF|LU|32~REF|6R|1360888026Z1~AMT|B6|87.05~CLP|256-1160|19|104|68.25|17.41|MB|2815034756140|31|1~NM1|QC|1|CURRRINGTON|JOAN||||HN|290268899D2~NM1|82|1||||||XX|1962447805~NM1|TT|2|UNITEDHEALTH GROUP|||||PI|30002~MOA|||MA01|MA27|MA18~DTM|050|20150203~SVC|HC^99309|104|68.25||1~DTM|472|20141111~CAS|CO|45|16.95||253|1.39~CAS|PR|2|17.41~REF|LU|31~REF|6R|1363355110Z1~AMT|B6|87.05~CLP|256-973|19|84|55|14.03|MB|2815034756160|31|1~NM1|QC|1|CURRINGTON|JOAN|M|||HN|290268899D2~NM1|82|1||||||XX|1962447805~NM1|TT|2|UNITEDHEALTH GROUP|||||PI|30002~MOA|||MA01|MA18~DTM|050|20150203~SVC|HC^99315|84|55||1~DTM|472|20141115~CAS|CO|45|13.85||253|1.12~CAS|PR|2|14.03~REF|LU|31~REF|6R|1363361162Z1~AMT|B6|70.15~CLP|256-1651|19|193|112.87|28.79|MB|2815034756180|31|1~NM1|QC|1|CURRRINGTON|JOAN|M|||HN|290268899D2~NM1|82|1||||||XX|1952303547~NM1|TT|2|UNITEDHEALTH GROUP|||||PI|30002~MOA|||MA01|MA27|MA18~DTM|050|20150203~SVC|HC^99306|193|112.87||1~DTM|472|20141024~CAS|CO|45|49.04||253|2.3~CAS|PR|2|28.79~REF|LU|31~REF|6R|1363362061Z1~AMT|B6|143.96~CLP|256-1586|19|79|51.8|13.21|MB|2815034756200|31|1~NM1|QC|1|CURRRINGTON|JOAN|M|||HN|290268899D2~NM1|82|1||||||XX|1962447805~NM1|TT|2|UNITEDHEALTH GROUP|||||PI|30002~MOA|||MA01|MA27|MA18~DTM|050|20150203~SVC|HC^99308|79|51.8||1~DTM|472|20141114~CAS|CO|45|12.93||253|1.06~CAS|PR|2|13.21~REF|LU|31~REF|6R|1363362585Z1~AMT|B6|66.07~CLP|256-1159|19|193|126.15|32.18|MB|2815034756220|31|1~NM1|QC|1|CURRRINGTON|JOAN||||HN|290268899D2~NM1|82|1||||||XX|1962447805~NM1|TT|2|UNITEDHEALTH GROUP|||||PI|30002~MOA|||MA01|MA27|MA18~DTM|050|20150203~SVC|HC^99306|193|126.15||1~DTM|472|20141030~CAS|CO|45|32.1||253|2.57~CAS|PR|2|32.18~REF|LU|31~REF|6R|1363363392Z1~AMT|B6|160.9~CLP|256-1161|19|104|68.25|17.41|MB|2815034756240|31|1~NM1|QC|1|CURRRINGTON|JOAN||||HN|290268899D2~NM1|82|1||||||XX|1962447805~NM1|TT|2|UNITEDHEALTH GROUP|||||PI|30002~MOA|||MA01|MA27|MA18~DTM|050|20150203~SVC|HC^99309|104|68.25||1~DTM|472|20141119~CAS|CO|45|16.95||253|1.39~CAS|PR|2|17.41~REF|LU|31~REF|6R|1363368211Z1~AMT|B6|87.05~CLP|96-1919|19|104|68.25|17.41|MB|2815033889360|32|1~NM1|QC|1|DANIEL|JAMES||||HN|457235517T~NM1|82|1||||||XX|1962447805~NM1|TT|2|TX HEALTH & HUMAN SERVICES COMMI|||||PI|70051~MOA|||MA01|MA07~DTM|050|20150202~SVC|HC^99309|104|68.25||1~DTM|472|20141124~CAS|CO|45|16.95||253|1.39~CAS|PR|2|17.41~REF|LU|32~REF|6R|1360888023Z1~AMT|B6|87.05~CLP|363-2054|19|104|68.59|17.5|MB|2815033889320|31|1~NM1|QC|1|DAY|MARY|E|||HN|449605166A~NM1|82|1||||||XX|1962447805~NM1|TT|2|MUTUAL OF OMAHA INSURANCE COMP|||||PI|30090~MOA|||MA01|MA18~DTM|050|20150202~SVC|HC^99309|104|68.59||1~DTM|472|20150115~CAS|CO|45|16.51||253|1.4~CAS|PR|2|17.5~REF|LU|31~REF|6R|1360887620Z1~AMT|B6|87.49~CLP|98-1931|19|79|51.8|13.21|MB|2815033889540|32|1~NM1|QC|1|DELUNA|DAVID||||HN|466927987A~NM1|82|1||||||XX|1962447805~NM1|TT|2|TX HEALTH & HUMAN SERVICES COMMI|||||PI|70051~MOA|||MA01|MA27|MA07~DTM|050|20150202~SVC|HC^99308|79|51.8||1~DTM|472|20141118~CAS|CO|45|12.93||253|1.06~CAS|PR|2|13.21~REF|LU|32~REF|6R|1360893335Z1~AMT|B6|66.07~CLP|291-1415|19|315|167.74|42.79|MB|2815034756300|21|1~NM1|QC|1|DICKERSON|KIMBERLY||||HN|456393897A~NM1|82|1||||||XX|1962447805~NM1|TT|2|TX HEALTH & HUMAN SERVICES COMMI|||||PI|70051~MOA|||MA01|MA07~DTM|050|20150203~SVC|HC^99291|315|167.74||1~DTM|472|20141002~CAS|CO|45|101.05||253|3.42~CAS|PR|2|42.79~REF|LU|21~REF|6R|1363463862Z1~AMT|B6|213.95~LQ|HE|N535~CLP|164-1845|19|79|51.8|13.21|MB|2815033887920|31|1~NM1|QC|1|DOMINGUEZ|MARIA||||HN|456542337A~NM1|82|1||||||XX|1962447805~NM1|TT|2|TX HEALTH & HUMAN SERVICES COMMI|||||PI|70051~MOA|||MA01|MA07~DTM|050|20150202~SVC|HC^99308|79|51.8||1~DTM|472|20141106~CAS|CO|45|12.93||253|1.06~CAS|PR|2|13.21~REF|LU|31~REF|6R|1360859829Z1~AMT|B6|66.07~CLP|164-1970|19|51|33.52|8.55|MB|2815033888590|31|1~NM1|QC|1|DOMINGUEZ|MARIA||||HN|456542337A~NM1|82|1||||||XX|1962447805~NM1|TT|2|TX HEALTH & HUMAN SERVICES COMMI|||||PI|70051~MOA|||MA01|MA07~DTM|050|20150202~SVC|HC^99307|51|33.52||1~DTM|472|20150108~CAS|CO|45|8.25||253|.68~CAS|PR|2|8.55~REF|LU|31~REF|6R|1360870536Z1~AMT|B6|42.75~CLP|337-2038|1|51|29.99|7.65|MB|2815033889280|31|1~NM1|QC|1|DUGIN|KENNETH|F|||HN|429584270A~NM1|82|1||||||XX|1952303547~MOA|||MA01|MA27~DTM|050|20150202~SVC|HC^99307|51|29.99||1~DTM|472|20150112~CAS|CO|45|12.75||253|.61~CAS|PR|2|7.65~REF|LU|31~REF|6R|1360887606Z1~AMT|B6|38.25~CLP|337-1909|1|104|61.37|15.66|MB|2815033889290|31|1~NM1|QC|1|DUGIN|KENNETH|F|||HN|429584270A~NM1|82|1||||||XX|1952303547~MOA|||MA01|MA27~DTM|050|20150202~SVC|HC^99309|104|61.37||1~DTM|472|20150108~CAS|CO|45|25.72||253|1.25~CAS|PR|2|15.66~REF|LU|31~REF|6R|1360887607Z1~AMT|B6|78.28~CLP|337-2047|1|104|68.59|17.5|MB|2815033889300|31|1~NM1|QC|1|DUGIN|KENNETH|F|||HN|429584270A~NM1|82|1||||||XX|1962447805~MOA|||MA01|MA27~DTM|050|20150202~SVC|HC^99309|104|68.59||1~DTM|472|20150115~CAS|CO|45|16.51||253|1.4~CAS|PR|2|17.5~REF|LU|31~REF|6R|1360887608Z1~AMT|B6|87.49~CLP|337-1903|1|104|68.25|17.41|MB|2815033889310|31|1~NM1|QC|1|DUGIN|KENNETH|F|||HN|429584270A~NM1|82|1||||||XX|1962447805~MOA|||MA01|MA27~DTM|050|20150202~SVC|HC^99309|104|68.25||1~DTM|472|20141222~CAS|CO|45|16.95||253|1.39~CAS|PR|2|17.41~REF|LU|31~REF|6R|1360887610Z1~AMT|B6|87.05~CLP|251-1932|1|79|51.8|13.21|MB|2815033889550|32|1~NM1|QC|1|DURHAM|EMANUEL||||HN|454787983A~NM1|82|1||||||XX|1962447805~MOA|||MA01~DTM|050|20150202~SVC|HC^99308|79|51.8||1~DTM|472|20141118~CAS|CO|45|12.93||253|1.06~CAS|PR|2|13.21~REF|LU|32~REF|6R|1360893336Z1~AMT|B6|66.07~CLP|182-1881|19|222|129.65|33.07|MB|2815033888200|33|1~NM1|QC|1|EDWARDS|PATSY|R|||HN|455501964A~NM1|82|1||||||XX|1952303547~NM1|TT|2|NORTH AMERICAN INSURANCE COMPANY|||||PI|30155~MOA|||MA01|MA18~DTM|050|20150202~SVC|HC^99337|222|129.65||1~DTM|472|20150105~CAS|CO|45|56.63||253|2.65~CAS|PR|2|33.07~REF|LU|33~REF|6R|1360869851Z1~AMT|B6|165.37~CLP|182-1967|19|51|33.52|8.55|MB|2815033888560|31|1~NM1|QC|1|EDWARDS|PATSY|R|||HN|455501964A~NM1|82|1||||||XX|1962447805~NM1|TT|2|NORTH AMERICAN INSURANCE COMPANY|||||PI|30155~MOA|||MA01|MA18~DTM|050|20150202~SVC|HC^99307|51|33.52||1~DTM|472|20150108~CAS|CO|45|8.25||253|.68~CAS|PR|2|8.55~REF|LU|31~REF|6R|1360870533Z1~AMT|B6|42.75~CLP|182-2055|19|79|51.76|13.2|MB|2815033888920|31|1~NM1|QC|1|EDWARDS|PATSY|R|||HN|455501964A~NM1|82|1||||||XX|1962447805~NM1|TT|2|NORTH AMERICAN INSURANCE COMPANY|||||PI|30155~MOA|||MA01|MA18~DTM|050|20150202~SVC|HC^99308|79|51.76||1~DTM|472|20150115~CAS|CO|45|12.98||253|1.06~CAS|PR|2|13.2~REF|LU|31~REF|6R|1360872679Z1~AMT|B6|66.02~CLP|147-1941|19|104|68.25|17.41|MB|2815033889400|32|1~NM1|QC|1|FIELDS|JOYCE||||HN|450487270A~NM1|82|1||||||XX|1962447805~NM1|TT|2|TX HEALTH & HUMAN SERVICES COMMI|||||PI|70051~MOA|||MA01|MA07~DTM|050|20150202~SVC|HC^99309|104|68.25||1~DTM|472|20141120~CAS|CO|45|16.95||253|1.39~CAS|PR|2|17.41~REF|LU|32~REF|6R|1360888028Z1~AMT|B6|87.05~CLP|128-2018|19|104|68.25|17.41|MB|2815033889790|32|1~NM1|QC|1|GARCIA|HERALDO||||HN|458840277A~NM1|82|1||||||XX|1962447805~NM1|TT|2|TX HEALTH & HUMAN SERVICES COMMI|||||PI|70051~MOA|||MA01|MA07~DTM|050|20150202~SVC|HC^99309|104|68.25||1~DTM|472|20141006~CAS|CO|45|16.95||253|1.39~CAS|PR|2|17.41~REF|LU|32~REF|6R|1360932926Z1~AMT|B6|87.05~CLP|87-1958|19|104|68.25|17.41|MB|2815033889630|32|1~NM1|QC|1|GIPSON|CARRIE||||HN|457404502B~NM1|82|1||||||XX|1962447805~NM1|TT|2|TX HEALTH & HUMAN SERVICES COMMI|||||PI|70051~MOA|||MA01|MA07~DTM|050|20150202~SVC|HC^99309|104|68.25||1~DTM|472|20141117~CAS|CO|45|16.95||253|1.39~CAS|PR|2|17.41~REF|LU|32~REF|6R|1360893346Z1~AMT|B6|87.05~CLP|258-1855|19|79|51.8|13.21|MB|2815033888060|31|1~NM1|QC|1|HARGIS|VIRGINA|R|||HN|311209792D~NM1|82|1||||||XX|1962447805~NM1|TT|2|AMERICAN REPUBLIC INSURANCE CO|||||PI|30176~MOA|||MA01|MA18~DTM|050|20150202~SVC|HC^99308|79|51.8||1~DTM|472|20141106~CAS|CO|45|12.93||253|1.06~CAS|PR|2|13.21~REF|LU|31~REF|6R|1360860374Z1~AMT|B6|66.07~CLP|261-2065|19|104|68.25|17.41|MB|2815033889700|32|1~NM1|QC|1|HARPER|JOE|M|||HN|452825305M~NM1|82|1||||||XX|1962447805~NM1|TT|2|TX HEALTH & HUMAN SERVICES COMMI|||||PI|70051~MOA|||MA01|MA07~DTM|050|20150202~SVC|HC^99309|104|68.25||1~DTM|472|20141113~CAS|CO|45|16.95||253|1.39~CAS|PR|2|17.41~REF|LU|32~REF|6R|1360893353Z1~AMT|B6|87.05~CLP|76-2062|19|104|68.25|17.41|MB|2815033889680|32|1~NM1|QC|1|HARPER|OLIN|J|||HN|456603904A~NM1|82|1||||||XX|1962447805~NM1|TT|2|TX HEALTH & HUMAN SERVICES COMMI|||||PI|70051~MOA|||MA01|MA07~DTM|050|20150202~SVC|HC^99309|104|68.25||1~DTM|472|20141113~CAS|CO|45|16.95||253|1.39~CAS|PR|2|17.41~REF|LU|32~REF|6R|1360893351Z1~AMT|B6|87.05~CLP|220-2029|19|109|63.99|16.33|MB|2815033888760|33|1~NM1|QC|1|HOLCOMB|MICKEY|S|||HN|452969456M~NM1|82|1||||||XX|1952303547~NM1|TT|2|TX HEALTH & HUMAN SERVICES COMMI|||||PI|70051~MOA|||MA01|MA07~DTM|050|20150202~SVC|HC^99335|109|63.99||1~DTM|472|20150109~CAS|CO|45|27.37||253|1.31~CAS|PR|2|16.33~REF|LU|33~REF|6R|1360872658Z1~AMT|B6|81.63~CLP|53-1930|19|79|51.8|13.21|MB|2815033889530|32|1~NM1|QC|1|HOLLAND|TRUDY||||HN|465045111A~NM1|82|1||||||XX|1962447805~NM1|TT|2|TX HEALTH & HUMAN SERVICES COMMI|||||PI|70051~MOA|||MA01|MA07~DTM|050|20150202~SVC|HC^99308|79|51.8||1~DTM|472|20141118~CAS|CO|45|12.93||253|1.06~CAS|PR|2|13.21~REF|LU|32~REF|6R|1360893334Z1~AMT|B6|66.07~CLP|219-2031|19|222|129.81|33.11|MB|2815033889250|33|1~NM1|QC|1|HOOVER|MINNIE|B|||HN|465549405M~NM1|82|1||||||XX|1952303547~NM1|TT|2|TX HEALTH & HUMAN SERVICES COMMI|||||PI|70051~MOA|||MA01|MA07~DTM|050|20150202~SVC|HC^99337|222|129.81||1~DTM|472|20141223~CAS|CO|45|56.43||253|2.65~CAS|PR|2|33.11~REF|LU|33~REF|6R|1360886379Z1~AMT|B6|165.57~CLP|226-2014|19|79|51.76|13.2|MB|2815033888360|31|1~NM1|QC|1|HOUSE|MELVIN||||HN|271329525A~NM1|82|1||||||XX|1962447805~NM1|TT|2|TX HEALTH & HUMAN SERVICES COMMI|||||PI|70051~MOA|||MA01|MA07~DTM|050|20150202~SVC|HC^99308|79|51.76||1~DTM|472|20150105~CAS|CO|45|12.98||253|1.06~CAS|PR|2|13.2~REF|LU|31~REF|6R|1360869867Z1~AMT|B6|66.02~CLP|226-2103|19|79|51.76|13.2|MB|2815033889000|32|1~NM1|QC|1|HOUSE|MELVIN||||HN|271329525A~NM1|82|1||||||XX|1962447805~NM1|TT|2|TX HEALTH & HUMAN SERVICES COMMI|||||PI|70051~MOA|||MA01|MA07~DTM|050|20150202~SVC|HC^99308|79|51.76||1~DTM|472|20150125~CAS|CO|45|12.98||253|1.06~CAS|PR|2|13.2~REF|LU|32~REF|6R|1360885937Z1~AMT|B6|66.02~CLP|226-1918|19|104|68.25|17.41|MB|2815033889350|32|1~NM1|QC|1|HOUSE|MELVIN||||HN|271329525A~NM1|82|1||||||XX|1962447805~NM1|TT|2|TX HEALTH & HUMAN SERVICES COMMI|||||PI|70051~MOA|||MA01|MA07~DTM|050|20150202~SVC|HC^99309|104|68.25||1~DTM|472|20141124~CAS|CO|45|16.95||253|1.39~CAS|PR|2|17.41~REF|LU|32~REF|6R|1360888022Z1~AMT|B6|87.05~CLP|226-1933|19|79|51.8|13.21|MB|2815033889560|32|1~NM1|QC|1|HOUSE|MELVIN||||HN|271329525A~NM1|82|1||||||XX|1962447805~NM1|TT|2|TX HEALTH & HUMAN SERVICES COMMI|||||PI|70051~MOA|||MA01|MA07~DTM|050|20150202~SVC|HC^99308|79|51.8||1~DTM|472|20141118~CAS|CO|45|12.93||253|1.06~CAS|PR|2|13.21~REF|LU|32~REF|6R|1360893337Z1~AMT|B6|66.07~CLP|272-1856|19|155|101.51|25.89|MB|2815033888000|31|1~NM1|QC|1|HUCKABEE|CHARLES||||HN|461347627A~NM1|82|1||||||XX|1962447805~NM1|TT|2|AETNA, INC.|||||PI|00060~MOA|||MA01|MA18~DTM|050|20150202~SVC|HC^99310|155|101.51||1~DTM|472|20141106~CAS|CO|45|25.53||253|2.07~CAS|PR|2|25.89~REF|LU|31~REF|6R|1360859841Z1~AMT|B6|129.47~CLP|327-1887|19|104|55.31|21.84|MB|2815033888260|31|1~NM1|QC|1|HYDE|MARY|E|||HN|441036732D~NM1|82|1||||||XX|1952303547~NM1|TT|2|WPS - TRICARE FOR LIFE|||||PI|60000~MOA|||MA01|MA18~DTM|050|20150202~SVC|HC^99309|104|55.31||1~DTM|472|20150105~CAS|CO|45|25.72||253|1.13~CAS|PR|1|7.73||2|14.11~REF|LU|31~REF|6R|1360869857Z1~AMT|B6|78.28~CLP|327-1912|19|104|61.37|15.66|MB|2815033888440|31|1~NM1|QC|1|HYDE|MARY|E|||HN|441036732D~NM1|82|1||||||XX|1952303547~NM1|TT|2|WPS - TRICARE FOR LIFE|||||PI|60000~MOA|||MA01|MA18~DTM|050|20150202~SVC|HC^99309|104|61.37||1~DTM|472|20150108~CAS|CO|45|25.72||253|1.25~CAS|PR|2|15.66~REF|LU|31~REF|6R|1360870521Z1~AMT|B6|78.28~CLP|327-2060|19|104|68.59|17.5|MB|2815033888950|31|1~NM1|QC|1|HYDE|MARY|E|||HN|441036732D~NM1|82|1||||||XX|1962447805~NM1|TT|2|WPS - TRICARE FOR LIFE|||||PI|60000~MOA|||MA01|MA18~DTM|050|20150202~SVC|HC^99309|104|68.59||1~DTM|472|20150115~CAS|CO|45|16.51||253|1.4~CAS|PR|2|17.5~REF|LU|31~REF|6R|1360872682Z1~AMT|B6|87.49~CLP|327-1899|19|104|61.06|15.58|MB|2815033889270|31|1~NM1|QC|1|HYDE|MARY|E|||HN|441036732D~NM1|82|1||||||XX|1952303547~NM1|TT|2|WPS - TRICARE FOR LIFE|||||PI|60000~MOA|||MA01|MA18~DTM|050|20150202~SVC|HC^99309|104|61.06||1~DTM|472|20141222~CAS|CO|45|26.11||253|1.25~CAS|PR|2|15.58~REF|LU|31~REF|6R|1360887597Z1~AMT|B6|77.89~CLP|136-2111|19|51|33.52|8.55|MB|2815033889050|32|1~NM1|QC|1|JEFFERY|JOHN|H|||HN|467644818A~NM1|82|1||||||XX|1962447805~NM1|TT|2|TX HEALTH & HUMAN SERVICES COMMI|||||PI|70051~MOA|||MA01|MA07~DTM|050|20150202~SVC|HC^99307|51|33.52||1~DTM|472|20150121~CAS|CO|45|8.25||253|.68~CAS|PR|2|8.55~REF|LU|32~REF|6R|1360885942Z1~AMT|B6|42.75~CLP|143-2015|19|79|51.76|13.2|MB|2815033888370|31|1~NM1|QC|1|JOHNSON|GEORGIA||||HN|360420759M~NM1|82|1||||||XX|1962447805~NM1|TT|2|TX HEALTH & HUMAN SERVICES COMMI|||||PI|70051~MOA|||MA01|MA07~DTM|050|20150202~SVC|HC^99308|79|51.76||1~DTM|472|20150105~CAS|CO|45|12.98||253|1.06~CAS|PR|2|13.2~REF|LU|31~REF|6R|1360869868Z1~AMT|B6|66.02~CLP|143-1925|19|51|33.52|8.55|MB|2815033888480|32|1~NM1|QC|1|JOHNSON|GEORGIA||||HN|360420759M~NM1|82|1||||||XX|1962447805~NM1|TT|2|TX HEALTH & HUMAN SERVICES COMMI|||||PI|70051~MOA|||MA01|MA07~DTM|050|20150202~SVC|HC^99307|51|33.52||1~DTM|472|20150108~CAS|CO|45|8.25||253|.68~CAS|PR|2|8.55~REF|LU|32~REF|6R|1360870525Z1~AMT|B6|42.75~CLP|143-2104|19|79|51.76|13.2|MB|2815033888990|32|1~NM1|QC|1|JOHNSON|GEORGIA||||HN|360420759M~NM1|82|1||||||XX|1962447805~NM1|TT|2|TX HEALTH & HUMAN SERVICES COMMI|||||PI|70051~MOA|||MA01|MA07~DTM|050|20150202~SVC|HC^99308|79|51.76||1~DTM|472|20150125~CAS|CO|45|12.98||253|1.06~CAS|PR|2|13.2~REF|LU|32~REF|6R|1360885936Z1~AMT|B6|66.02~CLP|143-1944|19|104|68.25|17.41|MB|2815033889430|32|1~NM1|QC|1|JOHNSON|GEORGIA||||HN|360420759M~NM1|82|1||||||XX|1962447805~NM1|TT|2|TX HEALTH & HUMAN SERVICES COMMI|||||PI|70051~MOA|||MA01|MA07~DTM|050|20150202~SVC|HC^99309|104|68.25||1~DTM|472|20141120~CAS|CO|45|16.95||253|1.39~CAS|PR|2|17.41~REF|LU|32~REF|6R|1360888031Z1~AMT|B6|87.05~CLP|143-1934|19|79|51.8|13.21|MB|2815033889570|32|1~NM1|QC|1|JOHNSON|GEORGIA||||HN|360420759M~NM1|82|1||||||XX|1962447805~NM1|TT|2|TX HEALTH & HUMAN SERVICES COMMI|||||PI|70051~MOA|||MA01|MA07~DTM|050|20150202~SVC|HC^99308|79|51.8||1~DTM|472|20141118~CAS|CO|45|12.93||253|1.06~CAS|PR|2|13.21~REF|LU|32~REF|6R|1360893338Z1~AMT|B6|66.07~CLP|255-1858|19|79|51.8|13.21|MB|2815033888010|31|1~NM1|QC|1|JOHNSON|PEGGY||||HN|460526778A~NM1|82|1||||||XX|1962447805~NM1|TT|2|SIERRA HEALTH & LIFE INSURANCE C|||||PI|30096~MOA|||MA01|MA18~DTM|050|20150202~SVC|HC^99308|79|51.8||1~DTM|472|20141106~CAS|CO|45|12.93||253|1.06~CAS|PR|2|13.21~REF|LU|31~REF|6R|1360859843Z1~AMT|B6|66.07~CLP|144-1848|19|79|51.8|13.21|MB|2815033887950|31|1~NM1|QC|1|JONES|FRANCES|C|||HN|254282932D6~NM1|82|1||||||XX|1962447805~NM1|TT|2|UNITEDHEALTH GROUP|||||PI|30002~MOA|||MA01|MA18~DTM|050|20150202~SVC|HC^99308|79|51.8||1~DTM|472|20141106~CAS|CO|45|12.93||253|1.06~CAS|PR|2|13.21~REF|LU|31~REF|6R|1360859833Z1~AMT|B6|66.07~CLP|273-1876|19|104|61.37|15.66|MB|2815033888390|31|1~NM1|QC|1|JONES|NORMAN|K|||HN|720074281A~NM1|82|1||||||XX|1952303547~NM1|TT|2|BLUE CROSS OF CALIFORNIA|||||PI|00170~MOA|||MA01|MA18~DTM|050|20150202~SVC|HC^99309|104|61.37||1~DTM|472|20150107~CAS|CO|45|25.72||253|1.25~CAS|PR|2|15.66~REF|LU|31~REF|6R|1360870515Z1~AMT|B6|78.28~CLP|273-1914|19|121|70.95|18.1|MB|2815033888460|31|1~NM1|QC|1|JONES|NORMAN|K|||HN|720074281A~NM1|82|1||||||XX|1952303547~NM1|TT|2|BLUE CROSS OF CALIFORNIA|||||PI|00170~MOA|||MA01|MA18~DTM|050|20150202~SVC|HC^99316|121|70.95||1~DTM|472|20150108~CAS|CO|45|30.5||253|1.45~CAS|PR|2|18.1~REF|LU|31~REF|6R|1360870523Z1~AMT|B6|90.5~CLP|273-1900|19|104|61.06|15.58|MB|2815033889160|31|1~NM1|QC|1|JONES|NORMAN|K|||HN|720074281A~NM1|82|1||||||XX|1952303547~NM1|TT|2|BLUE CROSS OF CALIFORNIA|||||PI|00170~MOA|||MA01|MA18~DTM|050|20150202~SVC|HC^99309|104|61.06||1~DTM|472|20141222~CAS|CO|45|26.11||253|1.25~CAS|PR|2|15.58~REF|LU|31~REF|6R|1360886369Z1~AMT|B6|77.89~CLP|59-1969|19|51|20.28|22.06|MB|2815033888580|31|1~NM1|QC|1|KEILSON|GERALD|R|||HN|462301721A~NM1|82|1||||||XX|1962447805~NM1|TT|2|AMA INSURANCE AGENCY, INC.|||||PI|30150~MOA|||MA01|MA18~DTM|050|20150202~SVC|HC^99307|51|20.28||1~DTM|472|20150108~CAS|CO|45|8.25||253|.41~CAS|PR|1|16.89||2|5.17~REF|LU|31~REF|6R|1360870535Z1~AMT|B6|42.75~CLP|59-2053|19|79|51.76|13.2|MB|2815033888900|31|1~NM1|QC|1|KEILSON|GERALD|R|||HN|462301721A~NM1|82|1||||||XX|1962447805~NM1|TT|2|AMA INSURANCE AGENCY, INC.|||||PI|30150~MOA|||MA01|MA18~DTM|050|20150202~SVC|HC^99308|79|51.76||1~DTM|472|20150115~CAS|CO|45|12.98||253|1.06~CAS|PR|2|13.2~REF|LU|31~REF|6R|1360872675Z1~AMT|B6|66.02~CLP|215-1956|19|104|68.25|17.41|MB|2815033889740|32|1~NM1|QC|1|KING|LOUISE||||HN|452523415A~NM1|82|1||||||XX|1962447805~NM1|TT|2|TX HEALTH & HUMAN SERVICES COMMI|||||PI|70051~MOA|||MA01|MA07~DTM|050|20150202~SVC|HC^99309|104|68.25||1~DTM|472|20141117~CAS|CO|45|16.95||253|1.39~CAS|PR|2|17.41~REF|LU|32~REF|6R|1360895451Z1~AMT|B6|87.05~CLP|154-1940|19|104|68.25|17.41|MB|2815033889390|32|1~NM1|QC|1|LANGLEY|JIMMY||||HN|456584415A~NM1|82|1||||||XX|1962447805~NM1|TT|2|TX HEALTH & HUMAN SERVICES COMMI|||||PI|70051~MOA|||MA01|MA07~DTM|050|20150202~SVC|HC^99309|104|68.25||1~DTM|472|20141120~CAS|CO|45|16.95||253|1.39~CAS|PR|2|17.41~REF|LU|32~REF|6R|1360888027Z1~AMT|B6|87.05~CLP|211-1841|19|84|55|14.03|MB|2815033887870|31|1~NM1|QC|1|LEE|VERNIA|L|||HN|432567439B~NM1|82|1||||||XX|1962447805~NM1|TT|2|HCSC-BCBS OF TEXAS-STD A & B|||||PI|30028~MOA|||MA01|MA18~DTM|050|20150202~SVC|HC^99315|84|55||1~DTM|472|20141016~CAS|CO|45|13.85||253|1.12~CAS|PR|2|14.03~REF|LU|31~REF|6R|1360859804Z1~AMT|B6|70.15~CLP|156-2027|19|109|39.97|40.84|MB|2815033888740|33|1~NM1|QC|1|LEWIS|EDWARD||||HN|547680273A~NM1|82|1||||||XX|1952303547~NM1|TT|2|TX HEALTH & HUMAN SERVICES COMMI|||||PI|70051~MOA|||MA01|MA07~DTM|050|20150202~SVC|HC^99335|109|39.97||1~DTM|472|20150109~CAS|CO|45|27.37||253|.82~CAS|PR|1|30.64||2|10.2~REF|LU|33~REF|6R|1360872656Z1~AMT|B6|81.63~CLP|158-1954|19|104|68.25|17.41|MB|2815033889600|32|1~NM1|QC|1|LUCKETT|MARY||||HN|523464493A~NM1|82|1||||||XX|1962447805~NM1|TT|2|TX HEALTH & HUMAN SERVICES COMMI|||||PI|70051~MOA|||MA01|MA07~DTM|050|20150202~SVC|HC^99309|104|68.25||1~DTM|472|20141117~CAS|CO|45|16.95||253|1.39~CAS|PR|2|17.41~REF|LU|32~REF|6R|1360893342Z1~AMT|B6|87.05~CLP|299-1962|1|121|77.18|22.39|MB|2815033888500|32|1~NM1|QC|1|MARTINEZ|PEDRO|T|||HN|464968305A~NM1|82|1||||||XX|1962447805~MOA|||MA01~DTM|050|20150202~SVC|HC^99316|121|77.18||1~DTM|472|20150108~CAS|CO|45|19.85||253|1.58~CAS|PR|1|2.7||2|19.69~REF|LU|32~REF|6R|1360870527Z1~AMT|B6|101.15~CLP|299-1906|1|104|61.06|15.58|MB|2815033889220|31|1~NM1|QC|1|MARTINEZ|PEDRO|T|||HN|464968305A~NM1|82|1||||||XX|1952303547~MOA|||MA01~DTM|050|20150202~SVC|HC^99309|104|61.06||1~DTM|472|20141222~CAS|CO|45|26.11||253|1.25~CAS|PR|2|15.58~REF|LU|31~REF|6R|1360886376Z1~AMT|B6|77.89~CLP|328-2037|1|155|91.26|23.28|MB|2815033888810|31|1~NM1|QC|1|MCCLENTON|LEWIS||||HN|449248748A~NM1|82|1||||||XX|1952303547~MOA|||MA01~DTM|050|20150202~SVC|HC^99310|155|91.26||1~DTM|472|20150112~CAS|CO|45|38.6||253|1.86~CAS|PR|2|23.28~REF|LU|31~REF|6R|1360872663Z1~AMT|B6|116.4~CLP|328-2044|1|104|68.59|17.5|MB|2815033888860|31|1~NM1|QC|1|MCCLENTON|LEWIS||||HN|449248748A~NM1|82|1||||||XX|1962447805~MOA|||MA01~DTM|050|20150202~SVC|HC^99309|104|68.59||1~DTM|472|20150115~CAS|CO|45|16.51||253|1.4~CAS|PR|2|17.5~REF|LU|31~REF|6R|1360872669Z1~AMT|B6|87.49~CLP|328-1894|1|104|61.06|15.58|MB|2815033889120|31|1~NM1|QC|1|MCCLENTON|LEWIS||||HN|449248748A~NM1|82|1||||||XX|1952303547~MOA|||MA01~DTM|050|20150202~SVC|HC^99309|104|61.06||1~DTM|472|20141222~CAS|CO|45|26.11||253|1.25~CAS|PR|2|15.58~REF|LU|31~REF|6R|1360886364Z1~AMT|B6|77.89~CLP|358-2011|19|104|68.59|17.5|MB|2815033888330|31|1~NM1|QC|1|MCGREW|RUTHIE||||HN|462986346A~NM1|82|1||||||XX|1962447805~NM1|TT|2|TX HEALTH & HUMAN SERVICES COMMI|||||PI|70051~MOA|||MA01|MA07~DTM|050|20150202~SVC|HC^99309|104|68.59||1~DTM|472|20150105~CAS|CO|45|16.51||253|1.4~CAS|PR|2|17.5~REF|LU|31~REF|6R|1360869864Z1~AMT|B6|87.49~CLP|358-2017|19|104|68.59|17.5|MB|2815033888680|32|1~NM1|QC|1|MCGREW|RUTHIE||||HN|462986346A~NM1|82|1||||||XX|1962447805~NM1|TT|2|TX HEALTH & HUMAN SERVICES COMMI|||||PI|70051~MOA|||MA01|MA07~DTM|050|20150202~SVC|HC^99309|104|68.59||1~DTM|472|20150108~CAS|CO|45|16.51||253|1.4~CAS|PR|2|17.5~REF|LU|32~REF|6R|1360870545Z1~AMT|B6|87.49~CLP|358-2102|19|79|51.76|13.2|MB|2815033888980|32|1~NM1|QC|1|MCGREW|RUTHIE||||HN|462986346A~NM1|82|1||||||XX|1962447805~NM1|TT|2|TX HEALTH & HUMAN SERVICES COMMI|||||PI|70051~MOA|||MA01|MA07~DTM|050|20150202~SVC|HC^99308|79|51.76||1~DTM|472|20150125~CAS|CO|45|12.98||253|1.06~CAS|PR|2|13.2~REF|LU|32~REF|6R|1360885935Z1~AMT|B6|66.02~CLP|285-1295|19|104|61.06|15.58|MB|2815034756350|31|1~NM1|QC|1|MCVAY|J D||||HN|466203847A~NM1|82|1||||||XX|1952303547~NM1|TT|2|HCSC-BCBS OF TX-OTHER B ONLY|||||PI|00044~MOA|||MA01|MA18~DTM|050|20150203~SVC|HC^99309|104|61.06||1~DTM|472|20141015~CAS|CO|45|26.11||253|1.25~CAS|PR|2|15.58~REF|LU|31~REF|6R|1363501906Z1~AMT|B6|77.89~CLP|285-1325|19|193|126.15|32.18|MB|2815034756370|31|1~NM1|QC|1|MCVAY|J D||||HN|466203847A~NM1|82|1||||||XX|1962447805~NM1|TT|2|HCSC-BCBS OF TX-OTHER B ONLY|||||PI|00044~MOA|||MA01|MA18~DTM|050|20150203~SVC|HC^99306|193|126.15||1~DTM|472|20141002~CAS|CO|45|32.1||253|2.57~CAS|PR|2|32.18~REF|LU|31~REF|6R|1363501972Z1~AMT|B6|160.9~CLP|285-1292|19|104|61.06|15.58|MB|2815034756430|31|1~NM1|QC|1|MCVAY|J D||||HN|466203847A~NM1|82|1||||||XX|1952303547~NM1|TT|2|HCSC-BCBS OF TX-OTHER B ONLY|||||PI|00044~MOA|||MA01|MA18~DTM|050|20150203~SVC|HC^99309|104|61.06||1~DTM|472|20141020~CAS|CO|45|26.11||253|1.25~CAS|PR|2|15.58~REF|LU|31~REF|6R|1363505544Z1~AMT|B6|77.89~CLP|214-1860|19|79|51.8|13.21|MB|2815033888040|31|1~NM1|QC|1|MILLER|WILLIAM|C|||HN|458344463A~NM1|82|1||||||XX|1962447805~NM1|TT|2|AETNA, INC.|||||PI|00060~MOA|||MA01|MA18~DTM|050|20150202~SVC|HC^99308|79|51.8||1~DTM|472|20141106~CAS|CO|45|12.93||253|1.06~CAS|PR|2|13.21~REF|LU|31~REF|6R|1360859848Z1~AMT|B6|66.07~CLP|214-1886|19|104|61.37|15.66|MB|2815033888250|31|1~NM1|QC|1|MILLER|WILLIAM|C|||HN|458344463A~NM1|82|1||||||XX|1952303547~NM1|TT|2|AETNA, INC.|||||PI|00060~MOA|||MA01|MA18~DTM|050|20150202~SVC|HC^99309|104|61.37||1~DTM|472|20150105~CAS|CO|45|25.72||253|1.25~CAS|PR|2|15.66~REF|LU|31~REF|6R|1360869856Z1~AMT|B6|78.28~CLP|214-1896|19|104|61.06|15.58|MB|2815033889180|31|1~NM1|QC|1|MILLER|WILLIAM|C|||HN|458344463A~NM1|82|1||||||XX|1952303547~NM1|TT|2|AETNA, INC.|||||PI|00060~MOA|||MA01|MA18~DTM|050|20150202~SVC|HC^99309|104|61.06||1~DTM|472|20141222~CAS|CO|45|26.11||253|1.25~CAS|PR|2|15.58~REF|LU|31~REF|6R|1360886371Z1~AMT|B6|77.89~CLP|253-2006|19|51|33.52|8.55|MB|2815033888630|32|1~NM1|QC|1|MIXON|MARION||||HN|418423701A~NM1|82|1||||||XX|1962447805~NM1|TT|2|TX HEALTH & HUMAN SERVICES COMMI|||||PI|70051~MOA|||MA01|MA07~DTM|050|20150202~SVC|HC^99307|51|33.52||1~DTM|472|20150108~CAS|CO|45|8.25||253|.68~CAS|PR|2|8.55~REF|LU|32~REF|6R|1360870540Z1~AMT|B6|42.75~CLP|253-2112|19|51|33.52|8.55|MB|2815033889070|32|1~NM1|QC|1|MIXON|MARION||||HN|418423701A~NM1|82|1||||||XX|1962447805~NM1|TT|2|TX HEALTH & HUMAN SERVICES COMMI|||||PI|70051~MOA|||MA01|MA07~DTM|050|20150202~SVC|HC^99307|51|33.52||1~DTM|472|20150121~CAS|CO|45|8.25||253|.68~CAS|PR|2|8.55~REF|LU|32~REF|6R|1360885944Z1~AMT|B6|42.75~CLP|262-1862|1|79|51.8|13.21|MB|2815033888030|31|1~NM1|QC|1|MIZELL|BETTY|C|||HN|456521535A~NM1|82|1||||||XX|1962447805~MOA|||MA01~DTM|050|20150202~SVC|HC^99308|79|51.8||1~DTM|472|20141106~CAS|CO|45|12.93||253|1.06~CAS|PR|2|13.21~REF|LU|31~REF|6R|1360859846Z1~AMT|B6|66.07~CLP|262-1872|1|51|33.52|8.55|MB|2815033888170|31|1~NM1|QC|1|MIZELL|BETTY|C|||HN|456521535A~NM1|82|1||||||XX|1962447805~MOA|||MA01~DTM|050|20150202~SVC|HC^99307|51|33.52||1~DTM|472|20150104~CAS|CO|45|8.25||253|.68~CAS|PR|2|8.55~REF|LU|31~REF|6R|1360869848Z1~AMT|B6|42.75~CLP|262-1885|1|104|61.37|15.66|MB|2815033888240|31|1~NM1|QC|1|MIZELL|BETTY|C|||HN|456521535A~NM1|82|1||||||XX|1952303547~MOA|||MA01~DTM|050|20150202~SVC|HC^99309|104|61.37||1~DTM|472|20150105~CAS|CO|45|25.72||253|1.25~CAS|PR|2|15.66~REF|LU|31~REF|6R|1360869855Z1~AMT|B6|78.28~CLP|262-1964|1|121|79.3|20.23|MB|2815033888530|31|1~NM1|QC|1|MIZELL|BETTY|C|||HN|456521535A~NM1|82|1||||||XX|1962447805~MOA|||MA01~DTM|050|20150202~SVC|HC^99316|121|79.3||1~DTM|472|20150108~CAS|CO|45|19.85||253|1.62~CAS|PR|2|20.23~REF|LU|31~REF|6R|1360870530Z1~AMT|B6|101.15~CLP|262-1902|1|104|61.06|15.58|MB|2815033889190|31|1~NM1|QC|1|MIZELL|BETTY|C|||HN|456521535A~NM1|82|1||||||XX|1952303547~MOA|||MA01~DTM|050|20150202~SVC|HC^99309|104|61.06||1~DTM|472|20141222~CAS|CO|45|26.11||253|1.25~CAS|PR|2|15.58~REF|LU|31~REF|6R|1360886372Z1~AMT|B6|77.89~CLP|29-1847|19|79|51.8|13.21|MB|2815033887940|31|1~NM1|QC|1|MOFFATT|RUBY|S|||HN|511149871B~NM1|82|1||||||XX|1962447805~NM1|TT|2|NORTH AMERICAN INSURANCE COMPANY|||||PI|30155~MOA|||MA01|MA18~DTM|050|20150202~SVC|HC^99308|79|51.8||1~DTM|472|20141106~CAS|CO|45|12.93||253|1.06~CAS|PR|2|13.21~REF|LU|31~REF|6R|1360859831Z1~AMT|B6|66.07~CLP|113-1849|1|104|68.25|17.41|MB|2815033887960|31|1~NM1|QC|1|MOORE|ERNEST|A|||HN|563407942A~NM1|82|1||||||XX|1962447805~MOA|||MA01~DTM|050|20150202~SVC|HC^99309|104|68.25||1~DTM|472|20141106~CAS|CO|45|16.95||253|1.39~CAS|PR|2|17.41~REF|LU|31~REF|6R|1360859834Z1~AMT|B6|87.05~CLP|100-2107|19|51|33.52|8.55|MB|2815033889020|32|1~NM1|QC|1|PETERSON|DEBORAH||||HN|464111423A~NM1|82|1||||||XX|1962447805~NM1|TT|2|TX HEALTH & HUMAN SERVICES COMMI|||||PI|70051~MOA|||MA01|MA07~DTM|050|20150202~SVC|HC^99307|51|33.52||1~DTM|472|20150121~CAS|CO|45|8.25||253|.68~CAS|PR|2|8.55~REF|LU|32~REF|6R|1360885939Z1~AMT|B6|42.75~CLP|18-2022|19|104|68.25|17.41|MB|2815033889820|32|1~NM1|QC|1|PONCE|RAYMOND||||HN|562659571A~NM1|82|1||||||XX|1962447805~NM1|TT|2|TX HEALTH & HUMAN SERVICES COMMI|||||PI|70051~MOA|||MA01|MA07~DTM|050|20150202~SVC|HC^99309|104|68.25||1~DTM|472|20141006~CAS|CO|45|16.95||253|1.39~CAS|PR|2|17.41~REF|LU|32~REF|6R|1360932932Z1~AMT|B6|87.05~CLP|206-1923|19|51|33.52|8.55|MB|2815033888450|32|1~NM1|QC|1|ROBERTS|MILTON||||HN|459741771A~NM1|82|1||||||XX|1962447805~NM1|TT|2|TX HEALTH & HUMAN SERVICES COMMI|||||PI|70051~MOA|||MA01|MA07~DTM|050|20150202~SVC|HC^99307|51|33.52||1~DTM|472|20150108~CAS|CO|45|8.25||253|.68~CAS|PR|2|8.55~REF|LU|32~REF|6R|1360870522Z1~AMT|B6|42.75~CLP|206-1920|19|104|68.25|17.41|MB|2815033889370|32|1~NM1|QC|1|ROBERTS|MILTON||||HN|459741771A~NM1|82|1||||||XX|1962447805~NM1|TT|2|TX HEALTH & HUMAN SERVICES COMMI|||||PI|70051~MOA|||MA01|MA07~DTM|050|20150202~SVC|HC^99309|104|68.25||1~DTM|472|20141124~CAS|CO|45|16.95||253|1.39~CAS|PR|2|17.41~REF|LU|32~REF|6R|1360888024Z1~AMT|B6|87.05~CLP|225-1961|19|104|68.25|17.41|MB|2815033889650|32|1~NM1|QC|1|RODRIGUEZ|GONZALO||||HN|463284009A~NM1|82|1||||||XX|1962447805~NM1|TT|2|TX HEALTH & HUMAN SERVICES COMMI|||||PI|70051~MOA|||MA01|MA07~DTM|050|20150202~SVC|HC^99309|104|68.25||1~DTM|472|20141117~CAS|CO|45|16.95||253|1.39~CAS|PR|2|17.41~REF|LU|32~REF|6R|1360893348Z1~AMT|B6|87.05~CLP|31-1974|19|51|18.98|23.38|MB|2815033888620|32|1~NM1|QC|1|ROSS|RUTH|E|||HN|459603783D~NM1|82|1||||||XX|1962447805~NM1|TT|2|TX HEALTH & HUMAN SERVICES COMMI|||||PI|70051~MOA|||MA01|MA07~DTM|050|20150202~SVC|HC^99307|51|18.98||1~DTM|472|20150108~CAS|CO|45|8.25||253|.39~CAS|PR|1|18.54||2|4.84~REF|LU|32~REF|6R|1360870539Z1~AMT|B6|42.75~CLP|31-1935|19|79|51.8|13.21|MB|2815033889580|32|1~NM1|QC|1|ROSS|RUTH|E|||HN|459603783D~NM1|82|1||||||XX|1962447805~NM1|TT|2|TX HEALTH & HUMAN SERVICES COMMI|||||PI|70051~MOA|||MA01|MA07~DTM|050|20150202~SVC|HC^99308|79|51.8||1~DTM|472|20141118~CAS|CO|45|12.93||253|1.06~CAS|PR|2|13.21~REF|LU|32~REF|6R|1360893339Z1~AMT|B6|66.07~CLP|26-2010|19|79|51.76|13.2|MB|2815033888670|31|1~NM1|QC|1|ROWDEN|LESLIE||||HN|466689188C1~NM1|82|1||||||XX|1962447805~NM1|TT|2|TX HEALTH & HUMAN SERVICES COMMI|||||PI|70051~MOA|||MA01|MA07~DTM|050|20150202~SVC|HC^99308|79|51.76||1~DTM|472|20150106~CAS|CO|45|12.98||253|1.06~CAS|PR|2|13.2~REF|LU|31~REF|6R|1360870544Z1~AMT|B6|66.02~CLP|26-2023|19|109|63.99|16.33|MB|2815033888710|33|1~NM1|QC|1|ROWDEN|LESLIE||||HN|466689188C1~NM1|82|1||||||XX|1952303547~NM1|TT|2|TX HEALTH & HUMAN SERVICES COMMI|||||PI|70051~MOA|||MA01|MA07~DTM|050|20150202~SVC|HC^99335|109|63.99||1~DTM|472|20150109~CAS|CO|45|27.37||253|1.31~CAS|PR|2|16.33~REF|LU|33~REF|6R|1360872653Z1~AMT|B6|81.63~CLP|19-1838|19|79|51.8|13.21|MB|2815033888050|32|1~NM1|QC|1|RYLANDER|RICHARD||||HN|435661924A~NM1|82|1||||||XX|1962447805~NM1|TT|2|TX HEALTH & HUMAN SERVICES COMMI|||||PI|70051~MOA|||MA01|MA07~DTM|050|20150202~SVC|HC^99308|79|51.8||1~DTM|472|20141103~CAS|CO|45|12.93||253|1.06~CAS|PR|2|13.21~REF|LU|32~REF|6R|1360860368Z1~AMT|B6|66.07~CLP|19-1865|19|79|51.8|13.21|MB|2815033888070|31|1~NM1|QC|1|RYLANDER|RICHARD||||HN|435661924A~NM1|82|1||||||XX|1962447805~NM1|TT|2|TX HEALTH & HUMAN SERVICES COMMI|||||PI|70051~MOA|||MA01|MA07~DTM|050|20150202~SVC|HC^99308|79|51.8||1~DTM|472|20141027~CAS|CO|45|12.93||253|1.06~CAS|PR|2|13.21~REF|LU|31~REF|6R|1360860376Z1~AMT|B6|66.07~CLP|19-1936|19|79|51.8|13.21|MB|2815033889720|32|1~NM1|QC|1|RYLANDER|RICHARD||||HN|435661924A~NM1|82|1||||||XX|1962447805~NM1|TT|2|TX HEALTH & HUMAN SERVICES COMMI|||||PI|70051~MOA|||MA01|MA07~DTM|050|20150202~SVC|HC^99308|79|51.8||1~DTM|472|20141118~CAS|CO|45|12.93||253|1.06~CAS|PR|2|13.21~REF|LU|32~REF|6R|1360895440Z1~AMT|B6|66.07~CLP|19-1921|19|104|68.25|17.41|MB|2815033889730|32|1~NM1|QC|1|RYLANDER|RICHARD||||HN|435661924A~NM1|82|1||||||XX|1962447805~NM1|TT|2|TX HEALTH & HUMAN SERVICES COMMI|||||PI|70051~MOA|||MA01|MA07~DTM|050|20150202~SVC|HC^99309|104|68.25||1~DTM|472|20141124~CAS|CO|45|16.95||253|1.39~CAS|PR|2|17.41~REF|LU|32~REF|6R|1360895443Z1~AMT|B6|87.05~CLP|50-2013|19|79|51.76|13.2|MB|2815033888350|31|1~NM1|QC|1|SANDERS|TONY|R|||HN|467086770A~NM1|82|1||||||XX|1962447805~NM1|TT|2|TX HEALTH & HUMAN SERVICES COMMI|||||PI|70051~MOA|||MA01|MA07~DTM|050|20150202~SVC|HC^99308|79|51.76||1~DTM|472|20150105~CAS|CO|45|12.98||253|1.06~CAS|PR|2|13.2~REF|LU|31~REF|6R|1360869866Z1~AMT|B6|66.02~CLP|50-2101|19|79|51.76|13.2|MB|2815033888970|32|1~NM1|QC|1|SANDERS|TONY|R|||HN|467086770A~NM1|82|1||||||XX|1962447805~NM1|TT|2|TX HEALTH & HUMAN SERVICES COMMI|||||PI|70051~MOA|||MA01|MA07~DTM|050|20150202~SVC|HC^99308|79|51.76||1~DTM|472|20150125~CAS|CO|45|12.98||253|1.06~CAS|PR|2|13.2~REF|LU|32~REF|6R|1360885934Z1~AMT|B6|66.02~CLP|33-2063|19|104|68.25|17.41|MB|2815033889690|32|1~NM1|QC|1|SAVANNAH|BILLY||||HN|439621087A~NM1|82|1||||||XX|1962447805~NM1|TT|2|TX HEALTH & HUMAN SERVICES COMMI|||||PI|70051~MOA|||MA01|MA07~DTM|050|20150202~SVC|HC^99309|104|68.25||1~DTM|472|20141113~CAS|CO|45|16.95||253|1.39~CAS|PR|2|17.41~REF|LU|32~REF|6R|1360893352Z1~AMT|B6|87.05~CLP|329-1890|19|104|61.37|15.66|MB|2815033888290|31|1~NM1|QC|1|SCHROEDER|EDNA|O|||HN|466145851D~NM1|82|1||||||XX|1952303547~NM1|TT|2|UNITEDHEALTH GROUP|||||PI|30002~MOA|||MA01|MA18~DTM|050|20150202~SVC|HC^99309|104|61.37||1~DTM|472|20150105~CAS|CO|45|25.72||253|1.25~CAS|PR|2|15.66~REF|LU|31~REF|6R|1360869860Z1~AMT|B6|78.28~CLP|329-1877|19|51|29.99|7.65|MB|2815033888400|31|1~NM1|QC|1|SCHROEDER|EDNA|O|||HN|466145851D~NM1|82|1||||||XX|1952303547~NM1|TT|2|UNITEDHEALTH GROUP|||||PI|30002~MOA|||MA01|MA18~DTM|050|20150202~SVC|HC^99307|51|29.99||1~DTM|472|20150107~CAS|CO|45|12.75||253|.61~CAS|PR|2|7.65~REF|LU|31~REF|6R|1360870516Z1~AMT|B6|38.25~CLP|329-2040|19|104|61.37|15.66|MB|2815033888830|31|1~NM1|QC|1|SCHROEDER|EDNA|O|||HN|466145851D~NM1|82|1||||||XX|1952303547~NM1|TT|2|UNITEDHEALTH GROUP|||||PI|30002~MOA|||MA01|MA18~DTM|050|20150202~SVC|HC^99309|104|61.37||1~DTM|472|20150112~CAS|CO|45|25.72||253|1.25~CAS|PR|2|15.66~REF|LU|31~REF|6R|1360872666Z1~AMT|B6|78.28~CLP|329-2051|19|104|68.59|17.5|MB|2815033888890|31|1~NM1|QC|1|SCHROEDER|EDNA|O|||HN|466145851D~NM1|82|1||||||XX|1962447805~NM1|TT|2|UNITEDHEALTH GROUP|||||PI|30002~MOA|||MA01|MA18~DTM|050|20150202~SVC|HC^99309|104|68.59||1~DTM|472|20150115~CAS|CO|45|16.51||253|1.4~CAS|PR|2|17.5~REF|LU|31~REF|6R|1360872673Z1~AMT|B6|87.49~CLP|329-1901|19|155|90.82|23.17|MB|2815033889170|31|1~NM1|QC|1|SCHROEDER|EDNA|O|||HN|466145851D~NM1|82|1||||||XX|1952303547~NM1|TT|2|UNITEDHEALTH GROUP|||||PI|30002~MOA|||MA01|MA18~DTM|050|20150202~SVC|HC^99310|155|90.82||1~DTM|472|20141222~CAS|CO|45|39.16||253|1.85~CAS|PR|2|23.17~REF|LU|31~REF|6R|1360886370Z1~AMT|B6|115.84~CLP|269-1916|19|104|68.25|17.41|MB|2815033889750|31|1~NM1|QC|1|SIMON|CANDI||||HN|449651029A~NM1|82|1||||||XX|1962447805~NM1|TT|2|TX HEALTH & HUMAN SERVICES COMMI|||||PI|70051~MOA|||MA01|MA07~DTM|050|20150202~SVC|HC^99309|104|68.25||1~DTM|472|20141122~CAS|CO|45|16.95||253|1.39~CAS|PR|2|17.41~REF|LU|31~REF|6R|1360908055Z1~AMT|B6|87.05~CLP|38-1937|19|79|51.8|13.21|MB|2815033889590|32|1~NM1|QC|1|SMITH|IVORY|D|||HN|466683089A~NM1|82|1||||||XX|1962447805~NM1|TT|2|TX HEALTH & HUMAN SERVICES COMMI|||||PI|70051~MOA|||MA01|MA07~DTM|050|20150202~SVC|HC^99308|79|51.8||1~DTM|472|20141118~CAS|CO|45|12.93||253|1.06~CAS|PR|2|13.21~REF|LU|32~REF|6R|1360893341Z1~AMT|B6|66.07~CLP|149-1955|19|104|68.25|17.41|MB|2815033889610|32|1~NM1|QC|1|SMITH|KAREN||||HN|464080734A~NM1|82|1||||||XX|1962447805~NM1|TT|2|TX HEALTH & HUMAN SERVICES COMMI|||||PI|70051~MOA|||MA01|MA07~DTM|050|20150202~SVC|HC^99309|104|68.25||1~DTM|472|20141117~CAS|CO|45|16.95||253|1.39~CAS|PR|2|17.41~REF|LU|32~REF|6R|1360893343Z1~AMT|B6|87.05~CLP|42-1942|1|104|68.25|17.41|MB|2815033889410|32|1~NM1|QC|1|SPENCER|GERALDINE|M|||HN|450745441A~NM1|82|1||||||XX|1962447805~MOA|||MA01~DTM|050|20150202~SVC|HC^99309|104|68.25||1~DTM|472|20141120~CAS|CO|45|16.95||253|1.39~CAS|PR|2|17.41~REF|LU|32~REF|6R|1360888029Z1~AMT|B6|87.05~CLP|45-2009|19|79|51.76|13.2|MB|2815033888660|31|1~NM1|QC|1|STANSBURY|LAWRANCE||||HN|351408635A~NM1|82|1||||||XX|1962447805~NM1|TT|2|TX HEALTH & HUMAN SERVICES COMMI|||||PI|70051~MOA|||MA01|MA07~DTM|050|20150202~SVC|HC^99308|79|51.76||1~DTM|472|20150106~CAS|CO|45|12.98||253|1.06~CAS|PR|2|13.2~REF|LU|31~REF|6R|1360870543Z1~AMT|B6|66.02~CLP|44-2019|19|104|68.25|17.41|MB|2815034115640|32|1~NM1|QC|1|STEWARD|OTIS LEE||||HN|450965045A~NM1|82|1||||||XX|1962447805~NM1|TT|2|TX HEALTH & HUMAN SERVICES COMMI|||||PI|70051~MOA|||MA01|MA07~DTM|050|20150203~SVC|HC^99309|104|68.25||1~DTM|472|20141006~CAS|CO|45|16.95||253|1.39~CAS|PR|2|17.41~REF|LU|32~REF|6R|1362261880Z1~AMT|B6|87.05~CLP|275-1850|19|79|51.8|13.21|MB|2815033887970|31|1~NM1|QC|1|SZKOLA|GERTRUDE|A|||HN|364058383A~NM1|82|1||||||XX|1962447805~NM1|TT|2|BCBS OF MICHIGAN|||||PI|00055~MOA|||MA01|MA18~DTM|050|20150202~SVC|HC^99308|79|51.8||1~DTM|472|20141106~CAS|CO|45|12.93||253|1.06~CAS|PR|2|13.21~REF|LU|31~REF|6R|1360859835Z1~AMT|B6|66.07~CLP|275-1904|19|104|61.06|15.58|MB|2815033889210|31|1~NM1|QC|1|SZKOLA|GERTRUDE|A|||HN|364058383A~NM1|82|1||||||XX|1952303547~NM1|TT|2|BCBS OF MICHIGAN|||||PI|00055~MOA|||MA01|MA18~DTM|050|20150202~SVC|HC^99309|104|61.06||1~DTM|472|20141222~CAS|CO|45|26.11||253|1.25~CAS|PR|2|15.58~REF|LU|31~REF|6R|1360886375Z1~AMT|B6|77.89~CLP|47-2108|19|51|2.59|40.11|MB|2815033889030|32|1~NM1|QC|1|THOMAS|JIMMIE M||||HN|427101367D~NM1|82|1||||||XX|1962447805~NM1|TT|2|TX HEALTH & HUMAN SERVICES COMMI|||||PI|70051~MOA|||MA01|MA07~DTM|050|20150202~SVC|HC^99307|51|2.59||1~DTM|472|20150121~CAS|CO|45|8.25||253|.05~CAS|PR|1|39.45||2|.66~REF|LU|32~REF|6R|1360885940Z1~AMT|B6|42.75~CLP|105-1889|19|104|61.37|15.66|MB|2815033888280|31|1~NM1|QC|1|THOMPSON|DORIS|W|||HN|466443779A~NM1|82|1||||||XX|1952303547~NM1|TT|2|CHCS SERVICES INC|||||PI|80255~MOA|||MA01|MA18~DTM|050|20150202~SVC|HC^99309|104|61.37||1~DTM|472|20150105~CAS|CO|45|25.72||253|1.25~CAS|PR|2|15.66~REF|LU|31~REF|6R|1360869859Z1~AMT|B6|78.28~CLP|105-1963|19|79|51.76|13.2|MB|2815033888520|31|1~NM1|QC|1|THOMPSON|DORIS|W|||HN|466443779A~NM1|82|1||||||XX|1962447805~NM1|TT|2|CHCS SERVICES INC|||||PI|80255~MOA|||MA01|MA18~DTM|050|20150202~SVC|HC^99308|79|51.76||1~DTM|472|20150108~CAS|CO|45|12.98||253|1.06~CAS|PR|2|13.2~REF|LU|31~REF|6R|1360870529Z1~AMT|B6|66.02~CLP|105-2057|19|104|68.59|17.5|MB|2815033888910|31|1~NM1|QC|1|THOMPSON|DORIS|W|||HN|466443779A~NM1|82|1||||||XX|1962447805~NM1|TT|2|CHCS SERVICES INC|||||PI|80255~MOA|||MA01|MA18~DTM|050|20150202~SVC|HC^99309|104|68.59||1~DTM|472|20150115~CAS|CO|45|16.51||253|1.4~CAS|PR|2|17.5~REF|LU|31~REF|6R|1360872678Z1~AMT|B6|87.49~CLP|274-1853|19|104|68.25|17.41|MB|2815033887990|31|1~NM1|QC|1|VINSON|BOLEKA|M|||HN|643580877T~NM1|82|1||||||XX|1962447805~NM1|TT|2|TX HEALTH & HUMAN SERVICES COMMI|||||PI|70051~MOA|||MA01|MA07~DTM|050|20150202~SVC|HC^99309|104|68.25||1~DTM|472|20141106~CAS|CO|45|16.95||253|1.39~CAS|PR|2|17.41~REF|LU|31~REF|6R|1360859838Z1~AMT|B6|87.05~CLP|181-1844|19|104|68.25|17.41|MB|2815033887890|31|1~NM1|QC|1|WILLIAMS|OSCAR|D|||HN|449343970A~NM1|82|1||||||XX|1962447805~NM1|TT|2|TX HEALTH & HUMAN SERVICES COMMI|||||PI|70051~MOA|||MA01|MA07~DTM|050|20150202~SVC|HC^99309|104|68.25||1~DTM|472|20141106~CAS|CO|45|16.95||253|1.39~CAS|PR|2|17.41~REF|LU|31~REF|6R|1360859825Z1~AMT|B6|87.05~CLP|227-2109|19|51|33.52|8.55|MB|2815033889040|32|1~NM1|QC|1|WILLIE|WILSON|S|||HN|452926535A~NM1|82|1||||||XX|1962447805~NM1|TT|2|TX HEALTH & HUMAN SERVICES COMMI|||||PI|70051~MOA|||MA01|MA27|MA07~DTM|050|20150202~SVC|HC^99307|51|33.52||1~DTM|472|20150121~CAS|CO|45|8.25||253|.68~CAS|PR|2|8.55~REF|LU|32~REF|6R|1360885941Z1~AMT|B6|42.75~CLP|227-2066|19|104|68.25|17.41|MB|2815033889710|32|1~NM1|QC|1|WILLIE|WILSON|S|||HN|452926535A~NM1|82|1||||||XX|1962447805~NM1|TT|2|TX HEALTH & HUMAN SERVICES COMMI|||||PI|70051~MOA|||MA01|MA27|MA07~DTM|050|20150202~SVC|HC^99309|104|68.25||1~DTM|472|20141113~CAS|CO|45|16.95||253|1.39~CAS|PR|2|17.41~REF|LU|32~REF|6R|1360893354Z1~AMT|B6|87.05~CLP|34-2021|19|104|68.25|17.41|MB|2815033889810|32|1~NM1|QC|1|WOODARD|SEYMOUR||||HN|459749510A~NM1|82|1||||||XX|1962447805~NM1|TT|2|TX HEALTH & HUMAN SERVICES COMMI|||||PI|70051~MOA|||MA01|MA07~DTM|050|20150202~SVC|HC^99309|104|68.25||1~DTM|472|20141006~CAS|CO|45|16.95||253|1.39~CAS|PR|2|17.41~REF|LU|32~REF|6R|1360932930Z1~AMT|B6|87.05~CLP|67-1924|19|51|33.52|8.55|MB|2815033888470|32|1~NM1|QC|1|WORDLAW|LISA||||HN|452279395A~NM1|82|1||||||XX|1962447805~NM1|TT|2|TX HEALTH & HUMAN SERVICES COMMI|||||PI|70051~MOA|||MA01|MA07~DTM|050|20150202~SVC|HC^99307|51|33.52||1~DTM|472|20150108~CAS|CO|45|8.25||253|.68~CAS|PR|2|8.55~REF|LU|32~REF|6R|1360870524Z1~AMT|B6|42.75~CLP|67-1952|19|104|68.25|17.41|MB|2815033889490|32|1~NM1|QC|1|WORDLAW|LISA||||HN|452279395A~NM1|82|1||||||XX|1962447805~NM1|TT|2|TX HEALTH & HUMAN SERVICES COMMI|||||PI|70051~MOA|||MA01|MA07~DTM|050|20150202~SVC|HC^99309|104|68.25||1~DTM|472|20141120~CAS|CO|45|16.95||253|1.39~CAS|PR|2|17.41~REF|LU|32~REF|6R|1360888037Z1~AMT|B6|87.05~CLP|284-1859|19|104|68.25|17.41|MB|2815033888020|31|1~NM1|QC|1|WRIGHT|ALBERT||||HN|451510217A~NM1|82|1||||||XX|1962447805~NM1|TT|2|TX HEALTH & HUMAN SERVICES COMMI|||||PI|70051~MOA|||MA01|MA07~DTM|050|20150202~SVC|HC^99309|104|68.25||1~DTM|472|20141106~CAS|CO|45|16.95||253|1.39~CAS|PR|2|17.41~REF|LU|31~REF|6R|1360859844Z1~AMT|B6|87.05~SE|2127|0002~GE|2|588~IEA|1|000000593~