ISA|00|          |00|          |ZZ|ZIRMED         |ZZ|GATE0084       |150708|0248|U|00401|000001110|1|P|^~GS|HP|ZIRMED|GATE0084|20150708|0248|1105|X|004010X091A1~ST|835|0001~BPR|I|290.03|C|CHK||||||||||||20150706~TRN|1|QC10230496|1411289245|000087726~DTM|405|20150706~N1|PR|UNITED HEALTHCARE INSURANCE COMPANY|XV|87726~N3|GREENSBORO SERVICE CENTER|PO BOX 30555~N4|SALT LAKE CITY|UT|841300555~REF|2U|87726~PER|CX|GREENSBORO SERVICE CENTER|TE|8778423210~N1|PE|SUMANA KETHA|XX|1063835361~N3|2925 SKYWAY CIR N~N4|IRVING|TX|750380000~REF|TJ|464596718~LX|1~TS3|1063835361|11|20151231|2|345~CLP|6042-3015|1|145|120.09||13|5098119238 0015124657|11|1~NM1|QC|1|MAKI|MERIDIAN~NM1|IL|1|MAKI|MERIDIAN||||MI|978166921~NM1|82|1|KETHA|SUMANA||||XX|1962447805~REF|CE|COMP BA~REF|1L|902732~DTM|050|20150617~DTM|232|20150522~AMT|AU|145~SVC|HC^99395|145|120.09||1~DTM|472|20150522~CAS|CO|45|24.91~REF|6R|1475708898Z1~AMT|B6|120.09~CLP|6045-2969|1|200|169.94|10|13|5100294918 0015274417|11|1~NM1|QC|1|BASETTI|SHRAVANI~NM1|IL|1|BASETTI|SHRAVANI||||MI|912523146~NM1|82|1|KETHA|SUMANA||||XX|1962447805~REF|CE|COMP BA~REF|1L|902732~DTM|050|20150618~DTM|232|20150605~AMT|AU|200~SVC|HC^99204|200|169.94||1~DTM|472|20150605~CAS|CO|45|20.06~CAS|PR|3|10~REF|6R|1477816176Z1~AMT|B6|179.94~SE|45|0001~ST|835|0002~BPR|H|0|C|NON||||||||||||20150706~TRN|1|QK94800600|1411289245|000087726~DTM|405|20150706~N1|PR|UNITED HEALTHCARE INSURANCE COMPANY|XV|87726~N3|SPRINGFIELD SERVICE CENTER|P O BOX 30555~N4|SALT LAKE CITY|UT|841300555~REF|2U|87726~PER|CX|SPRINGFIELD SERVICE CENTER|TE|8778423210~N1|PE|SUMANA KETHA|XX|1063835361~N3|2925 SKYWAY CIR N~N4|IRVING|TX|750380000~REF|TJ|464596718~LX|1~TS3|1063835361|11|20151231|1|145~CLP|5656-2878|1|145|0||13|5109832855 0072217359|11|1~NM1|QC|1|KAKARAPARTHY|SRINIVASA~NM1|IL|1|KAKARAPARTHY|SRINIVASA||||MI|957110687~NM1|74|1|||R~NM1|82|1|KETHA|SUMANA||||XX|1962447805~REF|CE|CHOYC+~REF|1L|227475~DTM|050|20150626~DTM|232|20150213~SVC|HC^99395|145|0||1~DTM|472|20150213~CAS|CO|29|145~REF|6R|1484580347Z1~SE|29|0002~GE|2|1105~IEA|1|000001110~