ISA|00|          |00|          |ZZ|ZIRMED         |29|E12705         |150911|0913|U|00401|000001335|0|P|^~GS|HP|ZIRMED|E12705|20150911|0913|1330|X|004010X091A1~ST|835|0001~BPR|H|0|C|NON||||||||||||20150911~TRN|1|459724674|1205296137~REF|EV|E12705~DTM|405|20150910~N1|PR|NOVITAS SOLUTIONS, INC.~N3|PO BOX 3110~N4|MECHANICSBURG|PA|170551826~REF|2U|04412~PER|CX||TE|8552528782~N1|PE|DFW GERIATRICS PLLC|XX|1063835361~N3|2925 SKYWAY CIRCLE NORTH~N4|IRVING|TX|750383510~REF|TJ|464596718~LX|1~CLP|377-3766|1|4|0||MB|2815252152722|11|1~NM1|QC|1|BROOKS|WALTER||||HN|433150139A~NM1|82|1||||||XX|1962447805~MOA|||MA130|MA15~DTM|050|20150909~SVC|HC^94760|4|0||||1~DTM|472|20150626~CAS|CO|16|4~REF|6R|1547810365Z2~REF|LU|11~LQ|HE|MA130~LQ|HE|N265~LQ|HE|N276~LQ|HE|N286~CLP|304-3770|1|4|0||MB|2815252152732|11|1~NM1|QC|1|CEPEDA|MARGIE||||HN|429762401A~NM1|82|1||||||XX|1962447805~MOA|||MA130|MA15~DTM|050|20150909~SVC|HC^94760|4|0||||1~DTM|472|20150626~CAS|CO|16|4~REF|6R|1547810373Z2~REF|LU|11~LQ|HE|MA130~LQ|HE|N265~LQ|HE|N276~LQ|HE|N286~CLP|6047-3785|1|4|0||MB|2815252152702|11|1~NM1|QC|1|MARTINEZ|CAROLYN||||HN|450966097A~NM1|82|1||||||XX|1962447805~MOA|||MA130|MA15~DTM|050|20150909~SVC|HC^94760^25|4|0||||1~DTM|472|20150609~CAS|CO|4|4~REF|6R|1547806235Z2~REF|LU|11~LQ|HE|MA130~SE|55|0001~ST|835|0002~BPR|I|10.73|C|ACH|CCP|01|081517693|DA|152302017594|1205296137||01|111000025|DA|488038453432|20150911~TRN|1|890955637|1205296137~REF|EV|E12705~DTM|405|20150910~N1|PR|NOVITAS SOLUTIONS, INC.~N3|PO BOX 3110~N4|MECHANICSBURG|PA|170551826~REF|2U|04412~PER|CX||TE|8552528782~N1|PE|DFW GERIATRICS PLLC|XX|1063835361~N3|2925 SKYWAY CIRCLE NORTH~N4|IRVING|TX|750383510~REF|TJ|464596718~LX|1~CLP|368-3629|1|106|10.73|2.74|MB|2815233722580|11|1~NM1|QC|1|GRAY|LESLIE||||HN|467083719A~NM1|82|1||||||XX|1962447805~MOA|||MA01~DTM|050|20150821~SVC|HC^99213|88|0||||1~DTM|472|20150817~CAS|CO|B15|88~REF|6R|1533470417Z1~REF|LU|11~LQ|HE|M80~SVC|HC^99406|18|10.73||1~DTM|472|20150817~CAS|CO|45|4.31||253|.22~CAS|PR|2|2.74~REF|6R|1533470417Z2~REF|LU|11~AMT|B6|13.69~SE|34|0002~GE|2|1330~IEA|1|000001335~