ISA|00|          |00|          |ZZ|ZIRMED         |29|E12705         |150723|0447|U|00401|000001186|0|P|^~GS|HP|ZIRMED|E12705|20150723|0447|1181|X|004010X091A1~ST|835|0001~BPR|H|0|C|NON||||||||||||20150723~TRN|1|459503581|1205296137~REF|EV|E12705~DTM|405|20150722~N1|PR|NOVITAS SOLUTIONS, INC.~N3|PO BOX 3110~N4|MECHANICSBURG|PA|170551826~REF|2U|04412~PER|CX||TE|8552528782~N1|PE|DFW GERIATRICS PLLC|XX|1063835361~N3|2925 SKYWAY CIRCLE NORTH~N4|IRVING|TX|750383510~REF|TJ|464596718~LX|1~CLP|6038-3498|4|47|0||MB|2815202675620|11|1~NM1|QC|1|HEIDLEBERG|LINDA||||HN|457565807A~NM1|82|1||||||XX|1962447805~MOA|||MA130|MA61~DTM|050|20150721~SVC|HC^G0179|47|0||||1~DTM|472|20150511~CAS|CO|140|47~REF|6R|1504921413Z1~REF|LU|11~LQ|HE|MA130~LQ|HE|MA61~CLP|6038-3499|4|124|0||MB|2815202675630|11|1~NM1|QC|1|HEIDLEBERG|LINDA||||HN|457565807A~NM1|82|1||||||XX|1962447805~MOA|||MA130|MA61~DTM|050|20150721~SVC|HC^G0181|124|0||||1~DTM|472|20150531~CAS|CO|140|124~REF|6R|1504921416Z1~REF|LU|11~LQ|HE|MA130~LQ|HE|MA61~CLP|6038-3500|4|124|0||MB|2815202675640|11|1~NM1|QC|1|HEIDLEBERG|LINDA||||HN|457565807A~NM1|82|1||||||XX|1962447805~MOA|||MA130|MA61~DTM|050|20150721~SVC|HC^G0181|124|0||||1~DTM|472|20150630~CAS|CO|140|124~REF|6R|1504921417Z1~REF|LU|11~LQ|HE|MA130~LQ|HE|MA61~SE|52|0001~ST|835|0002~BPR|I|227.04|C|ACH|CCP|01|081517693|DA|152302017594|1205296137||01|111000025|DA|488038453432|20150723~TRN|1|890621563|1205296137~REF|EV|E12705~DTM|405|20150722~N1|PR|NOVITAS SOLUTIONS, INC.~N3|PO BOX 3110~N4|MECHANICSBURG|PA|170551826~REF|2U|04412~PER|CX||TE|8552528782~N1|PE|DFW GERIATRICS PLLC|XX|1063835361~N3|2925 SKYWAY CIRCLE NORTH~N4|IRVING|TX|750383510~REF|TJ|464596718~LX|1~CLP|403-2562|1|182|37.61||MB|2815180470630|11|1~NM1|QC|1|GOFF|YOLANDA||||HN|559256714A~NM1|82|1||||||XX|1679978068~MOA|||MA01~DTM|050|20150629~SVC|HC^99214|130|0||||1~DTM|472|20141208~CAS|OA|18|130~REF|6R|1485856001Z1~REF|LU|11~LQ|HE|N522~SVC|HC^Q0091|52|37.61||1~DTM|472|20141208~CAS|CO|45|13.62||253|.77~REF|6R|1485856001Z2~REF|LU|11~AMT|B6|38.38~CLP|6026-3456|1|149|116.82|29.8|MB|2815190215740|11|1~NM1|QC|1|HEIDLEBERG|GEORGE||||HN|461465630A~NM1|82|1||||||XX|1679978068~MOA|||MA01~DTM|050|20150709~SVC|HC^99205|149|116.82||1~DTM|472|20150422~CAS|CO|253|2.38~CAS|PR|2|29.8~REF|6R|1495405125Z1~REF|LU|11~AMT|B6|149~CLP|418-3452|1|130|72.61|18.52|MB|2815190215760|11|1~NM1|QC|1|TODD|MICHAEL|S|||HN|466453707A~NM1|82|1||||||XX|1679978068~MOA|||MA01~DTM|050|20150709~SVC|HC^99214|130|72.61||1~DTM|472|20150508~CAS|CO|45|37.39||253|1.48~CAS|PR|2|18.52~REF|6R|1495405134Z1~REF|LU|11~AMT|B6|92.61~SE|57|0002~GE|2|1181~IEA|1|000001186~