ISA|00|          |00|          |ZZ|ZIRMED         |29|E12705         |150725|0532|U|00401|000001194|0|P|^~GS|HP|ZIRMED|E12705|20150725|0532|1189|X|004010X091A1~ST|835|0001~BPR|I|595.42|C|ACH|CCP|01|081517693|DA|152302017594|1205296137||01|111000025|DA|488038453432|20150727~TRN|1|890639914|1205296137~REF|EV|E12705~DTM|405|20150724~N1|PR|NOVITAS SOLUTIONS, INC.~N3|PO BOX 3110~N4|MECHANICSBURG|PA|170551826~REF|2U|04412~PER|CX||TE|8552528782~N1|PE|DFW GERIATRICS PLLC|XX|1063835361~N3|2925 SKYWAY CIRCLE NORTH~N4|IRVING|TX|750383510~REF|TJ|464596718~LX|1~CLP|319-3473|1|130|72.97|18.61|MB|2815194603220|11|1~NM1|QC|1|CORTEZ|EDWARD||||HN|449473304A~NM1|82|1||||||XX|1679978068~MOA|||MA01~DTM|050|20150713~SVC|HC^99214|130|72.97||1~DTM|472|20150706~CAS|CO|45|36.93||253|1.49~CAS|PR|2|18.61~REF|6R|1497813141Z1~REF|LU|11~AMT|B6|93.07~CLP|380-3463|19|267|174.19|44.44|MB|2815194603230|11|1~NM1|QC|1|HAYNES|WILLIAM||||HN|455726510TA~NM1|82|1||||||XX|1962447805~NM1|TT|2|TX HEALTH & HUMAN SERVICES COMMI|||||PI|70051~MOA|||MA01|MA07~DTM|050|20150713~SVC|HC^99496|267|174.19||1~DTM|472|20150611~CAS|CO|45|44.82||253|3.55~CAS|PR|2|44.44~REF|6R|1497819176Z1~REF|LU|11~AMT|B6|222.18~CLP|5393-3470|1|88|6.52|56.05|MB|2815194603190|11|1~NM1|QC|1|HUDGINS|MILES||||HN|524344555A~NM1|82|1||||||XX|1679978068~MOA|||MA01~DTM|050|20150713~SVC|HC^99213|88|6.52||1~DTM|472|20150706~CAS|CO|45|25.3||253|.13~CAS|PR|1|54.39||2|1.66~REF|6R|1497813138Z1~REF|LU|11~AMT|B6|62.7~CLP|130-879|19|193|126.15|32.18|MB|2815194603160|31|1~NM1|QC|1|MULLENDORE|GENEVIEVE||||HN|446221995A~NM1|82|1||||||XX|1962447805~NM1|TT|2|HIGHMARK INC|||||PI|00030~MOA|||MA01|MA18~DTM|050|20150713~SVC|HC^99306|193|126.15||1~DTM|472|20140825~CAS|CO|45|32.1||253|2.57~CAS|PR|2|32.18~REF|6R|1497805750Z1~REF|LU|31~AMT|B6|160.9~CLP|130-665|19|104|61.06|15.58|MB|2815194603170|31|1~NM1|QC|1|MULLENDORE|GENEVIEVE||||HN|446221995A~NM1|82|1||||||XX|1952303547~NM1|TT|2|HIGHMARK INC|||||PI|00030~MOA|||MA01|MA18~DTM|050|20150713~SVC|HC^99309|104|61.06||1~DTM|472|20140917~CAS|CO|45|26.11||253|1.25~CAS|PR|2|15.58~REF|6R|1497805760Z1~REF|LU|31~AMT|B6|77.89~CLP|314-3469|1|130|81.56|20.8|MB|2815194603180|11|1~NM1|QC|1|PALMER|LARRY||||HN|382562993A~NM1|82|1||||||XX|1962447805~MOA|||MA01~DTM|050|20150713~SVC|HC^99214|130|81.56||1~DTM|472|20150706~CAS|CO|45|25.98||253|1.66~CAS|PR|2|20.8~REF|6R|1497813137Z1~REF|LU|11~AMT|B6|104.02~CLP|269-3471|19|130|72.97|18.61|MB|2815194603200|11|1~NM1|QC|1|SIMON|CANDI||||HN|449651029A~NM1|82|1||||||XX|1679978068~NM1|TT|2|TX HEALTH & HUMAN SERVICES COMMI|||||PI|70051~MOA|||MA01|MA07~DTM|050|20150713~SVC|HC^99214|130|72.97||1~DTM|472|20150706~CAS|CO|45|36.93||253|1.49~CAS|PR|2|18.61~REF|6R|1497813139Z1~REF|LU|11~AMT|B6|93.07~SE|104|0001~GE|1|1189~IEA|1|000001194~