ISA|00|          |00|          |ZZ|ZIRMED         |29|E12705         |150227|0417|U|00401|000000649|0|P|^~GS|HP|ZIRMED|E12705|20150227|0417|644|X|004010X091A1~ST|835|0001~BPR|H|0|C|NON||||||||||||20150227~TRN|1|458803415|1205296137~REF|EV|E12705~DTM|405|20150226~N1|PR|NOVITAS SOLUTIONS, INC.~N3|PO BOX 3110~N4|MECHANICSBURG|PA|170551826~REF|2U|04412~PER|CX||TE|8552528782~N1|PE|DFW GERIATRICS PLLC|XX|1063835361~N3|2925 SKYWAY CIRCLE NORTH~N4|IRVING|TX|750383510~REF|TJ|464596718~LX|1~CLP|72-2136|1|104|0||MB|2915040217250|32|1~NM1|QC|1|GAINES|GWENDOLYN||||HN|462219921TA~NM1|82|1||||||XX|1962447805~MOA|||MA01~DTM|050|20150209~SVC|HC^99309|104|0||||1~DTM|472|20141230~CAS|CO|B9|104~REF|LU|32~REF|6R|1368545498Z1~LQ|HE|N90~CLP|70-1868|1|104|0||MB|2815041738570|32|1~NM1|QC|1|GOLSTON|HENRIETTA||||HN|449568468A~NM1|82|1||||||XX|1962447805~MOA|||MA01~DTM|050|20150210~SVC|HC^99309|104|0||||1~DTM|472|20140721~CAS|CO|B9|104~REF|LU|32~REF|6R|1369986208Z1~LQ|HE|N90~CLP|116-2154|19|104|0||MB|2915040217460|31|1~NM1|QC|1|HERVEY|EUGENE|J|||HN|449680119A~NM1|82|1||||||XX|1962447805~NM1|TT|2|GOV T EMPLOYEE S HEALTH ASSN|||||PI|80054~MOA|||MA01|MA18~DTM|050|20150209~SVC|HC^99309|104|0||||1~DTM|472|20141119~CAS|CO|B9|104~REF|LU|31~REF|6R|1368551923Z1~LQ|HE|N90~CLP|221-2408|19|109|0|81.63|MB|2815054757040|33|1~NM1|QC|1|HOWARD|LORETTA|L|||HN|374343945A~NM1|82|1||||||XX|1952303547~NM1|TT|2|TX HEALTH & HUMAN SERVICES COMMI|||||PI|70051~MOA|||MA01|MA27|MA07~DTM|050|20150223~SVC|HC^99335|109|0||1~DTM|472|20150131~CAS|CO|45|27.37~CAS|PR|1|81.63~REF|LU|33~REF|6R|1379782993Z1~AMT|B6|81.63~CLP|300-1569|1|193|0||MB|2915040217550|31|1~NM1|QC|1|MARTINEZ|IBSEN|D|||HN|449715409A~NM1|82|1||||||XX|1962447805~MOA|||MA01|MA27~DTM|050|20150209~SVC|HC^99306|193|0||||1~DTM|472|20141204~CAS|CO|109|193~REF|LU|31~REF|6R|1368587874Z1~CLP|78-2142|1|104|0||MB|2915040217310|32|1~NM1|QC|1|NELSON|HELEN|R|||HN|452520020M~NM1|82|1||||||XX|1962447805~MOA|||MA01~DTM|050|20150209~SVC|HC^99309|104|0||||1~DTM|472|20141230~CAS|CO|B9|104~REF|LU|32~REF|6R|1368545504Z1~LQ|HE|N90~CLP|186-2399|19|109|0|81.63|MB|2815054757020|33|1~NM1|QC|1|PITMAN|JERRY|R|||HN|452401970A~NM1|82|1||||||XX|1952303547~NM1|TT|2|TX HEALTH & HUMAN SERVICES COMMI|||||PI|70051~MOA|||MA01|MA07~DTM|050|20150223~SVC|HC^99335|109|0||1~DTM|472|20150131~CAS|CO|45|27.37~CAS|PR|1|81.63~REF|LU|33~REF|6R|1379782991Z1~AMT|B6|81.63~SE|97|0001~GE|1|644~IEA|1|000000649~