ISA|00|          |00|          |ZZ|ZIRMED         |ZZ|GATE0084       |150626|0058|U|00401|000001078|1|P|^~GS|HP|ZIRMED|GATE0084|20150626|0058|1073|X|004010X091A1~ST|835|0001~BPR|I|120.09|C|CHK||||||||||||20150624~TRN|1|QC10179629|1411289245|000087726~DTM|405|20150624~N1|PR|UNITED HEALTHCARE INSURANCE COMPANY|XV|87726~N3|GREENSBORO SERVICE CENTER|PO BOX 30555~N4|SALT LAKE CITY|UT|841300555~REF|2U|87726~PER|CX|GREENSBORO SERVICE CENTER|TE|8778423210~N1|PE|SUMANA KETHA|XX|1063835361~N3|2925 SKYWAY CIR N~N4|IRVING|TX|750380000~REF|TJ|464596718~LX|1~TS3|1063835361|11|20151231|1|145~CLP|6049-2988|1|145|120.09||13|3222327762 0015180733|11|1~NM1|QC|1||||||MI|UNAVAILABLE~NM1|74|1|MADRASWALA|ARWA||||C|929959406~NM1|82|1|KETHA|SUMANA||||XX|1962447805~REF|1L|902732~REF|CE|COMP BA~DTM|050|20150623~DTM|232|20150611~AMT|AU|145~SVC|HC^99395|145|120.09||1~DTM|472|20150611~CAS|CO|45|24.91~REF|6R|1475879937Z1~AMT|B6|120.09~SE|30|0001~GE|1|1073~IEA|1|000001078~