ISA|00|          |00|          |ZZ|ZIRMED         |29|E12705         |150916|0514|U|00401|000001363|0|P|^~GS|HP|ZIRMED|E12705|20150916|0514|1358|X|004010X091A1~ST|835|0001~BPR|H|0|C|NON||||||||||||20150916~TRN|1|459744033|1205296137~REF|EV|E12705~DTM|405|20150915~N1|PR|NOVITAS SOLUTIONS, INC.~N3|PO BOX 3110~N4|MECHANICSBURG|PA|170551826~REF|2U|04412~PER|CX||TE|8552528782~N1|PE|DFW GERIATRICS PLLC|XX|1063835361~N3|2925 SKYWAY CIRCLE NORTH~N4|IRVING|TX|750383510~REF|TJ|464596718~LX|1~CLP|422-3443|1|489.94|0||MB|2815253254240|11|1~NM1|QC|1|WILSON|VIVIAN||||HN|463196861A~NM1|82|1||||||XX|1962447805~MOA|||MA01~DTM|050|20150910~SVC|HC^95930^TC|123.94|0||||1~DTM|472|20150619~CAS|CO|50|123.94~REF|6R|1549124674Z1~REF|LU|11~LQ|HE|M25~LQ|HE|N115~SVC|HC^94760|4|0||||1~DTM|472|20150619~CAS|CO|50|4~REF|6R|1549124674Z2~REF|LU|11~LQ|HE|M25~LQ|HE|N115~SVC|HC^95923|252|0||||1~DTM|472|20150619~CAS|OA|18|252~REF|6R|1549124674Z3~REF|LU|11~LQ|HE|N522~SVC|HC^95921|110|0||||1~DTM|472|20150619~CAS|OA|18|110~REF|6R|1549124674Z4~REF|LU|11~LQ|HE|N522~SE|47|0001~ST|835|0002~BPR|I|2273.28|C|ACH|CCP|01|081517693|DA|152302017594|1205296137||01|111000025|DA|488038453432|20150916~TRN|1|890994366|1205296137~REF|EV|E12705~DTM|405|20150915~N1|PR|NOVITAS SOLUTIONS, INC.~N3|PO BOX 3110~N4|MECHANICSBURG|PA|170551826~REF|2U|04412~PER|CX||TE|8552528782~N1|PE|DFW GERIATRICS PLLC|XX|1063835361~N3|2925 SKYWAY CIRCLE NORTH~N4|IRVING|TX|750383510~REF|TJ|464596718~LX|1~CLP|6115-3732|1|130|81.56|20.8|MB|2815245845410|11|1~NM1|QC|1|GRAMES|HARRY||||HN|368382222A~NM1|82|1||||||XX|1962447805~MOA|||MA01~DTM|050|20150902~SVC|HC^99214|130|81.56||1~DTM|472|20150818~CAS|CO|45|25.98||253|1.66~CAS|PR|2|20.8~REF|6R|1543338130Z1~REF|LU|11~AMT|B6|104.02~CLP|380-3741|19|134|81.56|20.8|MB|2815245845450|11|1~NM1|QC|1|HAYNES|WILLIAM||||HN|455726510TA~NM1|82|1||||||XX|1962447805~NM1|TT|2|TX HEALTH & HUMAN SERVICES COMMI|||||PI|70051~MOA|||MA01|MA07~DTM|050|20150902~SVC|HC^99214^25|130|81.56||1~DTM|472|20150811~CAS|CO|45|25.98||253|1.66~CAS|PR|2|20.8~REF|6R|1543338139Z1~REF|LU|11~AMT|B6|104.02~SVC|HC^94760|4|0||||1~DTM|472|20150811~CAS|CO|97|4~REF|6R|1543338139Z2~REF|LU|11~LQ|HE|M80~CLP|6026-3703|1|130|81.56|20.8|MB|2815245845330|11|1~NM1|QC|1|HEIDLEBERG|GEORGE||||HN|461465630A~NM1|82|1||||||XX|1962447805~MOA|||MA01~DTM|050|20150902~SVC|HC^99214|130|81.56||1~DTM|472|20150715~CAS|CO|45|25.98||253|1.66~CAS|PR|2|20.8~REF|6R|1543292477Z1~REF|LU|11~AMT|B6|104.02~CLP|6038-3702|1|130|81.56|20.8|MB|2815245845320|11|1~NM1|QC|1|HEIDLEBERG|LINDA||||HN|458527091A~NM1|82|1||||||XX|1962447805~MOA|||MA01~DTM|050|20150902~SVC|HC^99214|130|81.56||1~DTM|472|20150715~CAS|CO|45|25.98||253|1.66~CAS|PR|2|20.8~REF|6R|1543292474Z1~REF|LU|11~AMT|B6|104.02~CLP|5393-2704|1|492|211.4|53.92|MB|2815238389110|11|1~NM1|QC|1|HUDGINS|MILES||||HN|524344555A~NM1|82|1||||||XX|1962447805~MOA|||MA01~DTM|050|20150826~SVC|HC^99214^25|130|0||||1~DTM|472|20150320~CAS|OA|18|130~REF|6R|1537011024Z1~REF|LU|11~LQ|HE|N522~SVC|HC^95921|110|66.34||1~DTM|472|20150320~CAS|CO|45|25.39||253|1.35~CAS|PR|2|16.92~REF|6R|1537011024Z2~REF|LU|11~AMT|B6|84.61~SVC|HC^95923|252|145.06||1~DTM|472|20150320~CAS|CO|45|66.98||253|2.96~CAS|PR|2|37~REF|6R|1537011024Z3~REF|LU|11~AMT|B6|185.02~CLP|408-2733|19|492|211.4|53.92|MB|2815238389120|11|1~NM1|QC|1|JOHNSON|LINDA||||HN|467634822M~NM1|82|1||||||XX|1962447805~NM1|TT|2|TX HEALTH & HUMAN SERVICES COMMI|||||PI|70051~MOA|||MA01|MA07~DTM|050|20150826~SVC|HC^99214^25|130|0||||1~DTM|472|20150408~CAS|OA|18|130~REF|6R|1537011028Z1~REF|LU|11~LQ|HE|N522~SVC|HC^95921|110|66.34||1~DTM|472|20150408~CAS|CO|45|25.39||253|1.35~CAS|PR|2|16.92~REF|6R|1537011028Z2~REF|LU|11~AMT|B6|84.61~SVC|HC^95923|252|145.06||1~DTM|472|20150408~CAS|CO|45|66.98||253|2.96~CAS|PR|2|37~REF|6R|1537011028Z3~REF|LU|11~AMT|B6|185.02~CLP|314-3492|1|24|15.11|3.85|MB|2815245845310|11|1~NM1|QC|1|PALMER|LARRY||||HN|382562993A~NM1|82|1||||||XX|1962447805~MOA|||MA01~DTM|050|20150902~SVC|HC^99211|24|15.11||1~DTM|472|20150720~CAS|CO|45|4.73||253|.31~CAS|PR|2|3.85~REF|6R|1543292469Z1~REF|LU|11~AMT|B6|19.27~CLP|314-3715|1|24|15.11|3.85|MB|2815245845350|11|1~NM1|QC|1|PALMER|LARRY||||HN|382562993A~NM1|82|1||||||XX|1962447805~MOA|||MA01~DTM|050|20150902~SVC|HC^99211|24|15.11||1~DTM|472|20150727~CAS|CO|45|4.73||253|.31~CAS|PR|2|3.85~REF|6R|1543292489Z1~REF|LU|11~AMT|B6|19.27~CLP|314-3720|1|130|81.56|20.8|MB|2815245845370|11|1~NM1|QC|1|PALMER|LARRY||||HN|382562993A~NM1|82|1||||||XX|1962447805~MOA|||MA01~DTM|050|20150902~SVC|HC^99214|130|81.56||1~DTM|472|20150730~CAS|CO|45|25.98||253|1.66~CAS|PR|2|20.8~REF|6R|1543292498Z1~REF|LU|11~AMT|B6|104.02~CLP|314-3744|1|24|15.11|3.85|MB|2815245845460|11|1~NM1|QC|1|PALMER|LARRY||||HN|382562993A~NM1|82|1||||||XX|1962447805~MOA|||MA01~DTM|050|20150902~SVC|HC^99211|24|15.11||1~DTM|472|20150831~CAS|CO|45|4.73||253|.31~CAS|PR|2|3.85~REF|6R|1543338141Z1~REF|LU|11~AMT|B6|19.27~CLP|6114-3733|19|580|347.65|88.7|MB|2815245845420|11|1~NM1|QC|1|ROBERTS|CAROL||||HN|452433604A~NM1|82|1||||||XX|1962447805~NM1|TT|2|TX HEALTH & HUMAN SERVICES COMMI|||||PI|70051~MOA|||MA01|MA27|MA07~DTM|050|20150902~SVC|HC^99406|18|10.73||1~DTM|472|20150807~CAS|CO|45|4.31||253|.22~CAS|PR|2|2.74~REF|6R|1543338131Z1~REF|LU|11~AMT|B6|13.69~SVC|HC^95923|252|145.78||1~DTM|472|20150807~CAS|CO|45|66.05||253|2.98~CAS|PR|2|37.19~REF|6R|1543338131Z2~REF|LU|11~AMT|B6|185.95~SVC|HC^95921|110|66.66||1~DTM|472|20150807~CAS|CO|45|24.97||253|1.36~CAS|PR|2|17.01~REF|6R|1543338131Z3~REF|LU|11~AMT|B6|85.03~SVC|HC^99204^25|200|124.48||1~DTM|472|20150807~CAS|CO|45|41.22||253|2.54~CAS|PR|2|31.76~REF|6R|1543338131Z4~REF|LU|11~AMT|B6|158.78~CLP|6114-3734|19|130|81.56|20.8|MB|2815245845430|11|1~NM1|QC|1|ROBERTS|CAROL||||HN|452433604A~NM1|82|1||||||XX|1962447805~NM1|TT|2|TX HEALTH & HUMAN SERVICES COMMI|||||PI|70051~MOA|||MA01|MA27|MA07~DTM|050|20150902~SVC|HC^99214|130|81.56||1~DTM|472|20150818~CAS|CO|45|25.98||253|1.66~CAS|PR|2|20.8~REF|6R|1543338132Z1~REF|LU|11~AMT|B6|104.02~CLP|723-3714|19|88|54.94|14.02|MB|2815245845390|11|1~NM1|QC|1|ROBINSON|TINA||||HN|455337298A~NM1|82|1||||||XX|1962447805~NM1|TT|2|TX HEALTH & HUMAN SERVICES COMMI|||||PI|70051~MOA|||MA01|MA07~DTM|050|20150902~SVC|HC^99213|88|54.94||1~DTM|472|20150722~CAS|CO|45|17.92||253|1.12~CAS|PR|2|14.02~REF|6R|1543314901Z1~REF|LU|11~AMT|B6|70.08~CLP|381-3711|19|134|81.56|20.8|MB|2815245845340|11|1~NM1|QC|1|STIGGERS|BILLY||||HN|455488650A~NM1|82|1||||||XX|1962447805~NM1|TT|2|WPS - TRICARE FOR LIFE|||||PI|60000~MOA|||MA01|MA18~DTM|050|20150902~SVC|HC^99214^25|130|81.56||1~DTM|472|20150720~CAS|CO|45|25.98||253|1.66~CAS|PR|2|20.8~REF|6R|1543292485Z1~REF|LU|11~AMT|B6|104.02~SVC|HC^94760|4|0||||1~DTM|472|20150720~CAS|CO|50|4~REF|6R|1543292485Z2~REF|LU|11~LQ|HE|M25~LQ|HE|N115~CLP|410-3722|19|130|81.56|20.8|MB|2815245845380|11|1~NM1|QC|1|TAYLOR|LEONARD||||HN|426680464A~NM1|82|1||||||XX|1962447805~NM1|TT|2|TX HEALTH & HUMAN SERVICES COMMI|||||PI|70051~MOA|||MA01|MA07~DTM|050|20150902~SVC|HC^99214|130|81.56||1~DTM|472|20150731~CAS|CO|45|25.98||253|1.66~CAS|PR|2|20.8~REF|6R|1543292502Z1~REF|LU|11~AMT|B6|104.02~CLP|382-2711|1|492|211.4|53.92|MB|2815238389100|11|1~NM1|QC|1|TODD|LANA||||HN|449755855A~NM1|82|1||||||XX|1962447805~MOA|||MA01~DTM|050|20150826~SVC|HC^99214^25|130|0||||1~DTM|472|20150109~CAS|OA|18|130~REF|6R|1537010985Z1~REF|LU|11~LQ|HE|N522~SVC|HC^95921|110|66.34||1~DTM|472|20150109~CAS|CO|45|25.39||253|1.35~CAS|PR|2|16.92~REF|6R|1537010985Z2~REF|LU|11~AMT|B6|84.61~SVC|HC^95923|252|145.06||1~DTM|472|20150109~CAS|CO|45|66.98||253|2.96~CAS|PR|2|37~REF|6R|1537010985Z3~REF|LU|11~AMT|B6|185.02~CLP|418-3736|1|130|81.56|20.8|MB|2815245845440|11|1~NM1|QC|1|TODD|MICHAEL|S|||HN|466453707A~NM1|82|1||||||XX|1962447805~MOA|||MA01~DTM|050|20150902~SVC|HC^99214|130|81.56||1~DTM|472|20150807~CAS|CO|45|25.98||253|1.66~CAS|PR|2|20.8~REF|6R|1543338134Z1~REF|LU|11~AMT|B6|104.02~CLP|309-3719|19|134|81.56|20.8|MB|2815245845360|11|1~NM1|QC|1|VANDERPOOL|ADRIAN||||HN|466297262A~NM1|82|1||||||XX|1962447805~NM1|TT|2|TX HEALTH & HUMAN SERVICES COMMI|||||PI|70051~MOA|||MA01|MA07~DTM|050|20150902~SVC|HC^99214^25|130|81.56||1~DTM|472|20150727~CAS|CO|45|25.98||253|1.66~CAS|PR|2|20.8~REF|6R|1543292496Z1~REF|LU|11~AMT|B6|104.02~SVC|HC^94760|4|0||||1~DTM|472|20150727~CAS|CO|97|4~REF|6R|1543292496Z2~REF|LU|11~LQ|HE|M80~CLP|6096-3725|19|496|294|75|MB|2815245845400|11|1~NM1|QC|1|WILLIAMS|CHERYL||||HN|565257816A~NM1|82|1||||||XX|1962447805~NM1|TT|2|TX HEALTH & HUMAN SERVICES COMMI|||||PI|70051~MOA|||MA01|MA07~DTM|050|20150902~SVC|HC^99214^25|130|81.56||1~DTM|472|20150804~CAS|CO|45|25.98||253|1.66~CAS|PR|2|20.8~REF|6R|1543338124Z1~REF|LU|11~AMT|B6|104.02~SVC|HC^94760|4|0||||1~DTM|472|20150804~CAS|CO|97|4~REF|6R|1543338124Z2~REF|LU|11~LQ|HE|M80~SVC|HC^95923|252|145.78||1~DTM|472|20150804~CAS|CO|45|66.05||253|2.98~CAS|PR|2|37.19~REF|6R|1543338124Z3~REF|LU|11~AMT|B6|185.95~SVC|HC^95921|110|66.66||1~DTM|472|20150804~CAS|CO|45|24.97||253|1.36~CAS|PR|2|17.01~REF|6R|1543338124Z4~REF|LU|11~AMT|B6|85.03~CLP|6096-3752|19|130|81.56|20.8|MB|2815245845470|11|1~NM1|QC|1|WILLIAMS|CHERYL||||HN|565257816A~NM1|82|1||||||XX|1962447805~NM1|TT|2|TX HEALTH & HUMAN SERVICES COMMI|||||PI|70051~MOA|||MA01|MA07~DTM|050|20150902~SVC|HC^99214|130|81.56||1~DTM|472|20150901~CAS|CO|45|25.98||253|1.66~CAS|PR|2|20.8~REF|6R|1543338146Z1~REF|LU|11~AMT|B6|104.02~SE|365|0002~GE|2|1358~IEA|1|000001363~