ISA|00|          |00|          |ZZ|ZIRMED         |30|611340767      |150922|1114|U|00401|000001386|0|P|^~GS|HP|ZIRMED|611340767|20150922|1114|1381|X|004010X091A1~ST|835|0001~BPR|I|734.56|C|ACH|CCP|01|011900445|DA|0000009046|1066033492||01|111000025|DA|488038453432|20150925~TRN|1|815264530003284|1066033492~REF|EV|611340767~DTM|405|20150922~N1|PR|AETNA~N3|151 FARMINGTON AVENUE~N4|HARTFORD|CT|06156~N1|PE|KETHA, SUMANA|XX|1063835361~N3|2925 SKYWAY CIR N~N4|IRVING|TX|750383510~REF|PQ|762610840~REF|TJ|464596718~LX|1~TS3|1063835361|11|20151231|3|1224.46~CLP|1969-3838|1|130|0|121.15|13|EWPBNW0KL0000|11|1~NM1|QC|1|PIYA|SABITA||||MI|W206392657~NM1|82|1|KETHA|SUMANA||||XX|1063835361~REF|1L|0865351-010-00010- A~REF|CE|AETNA CHOICE  POS II NET 00338~DTM|232|20150724~DTM|233|20150724~DTM|050|20150916~PER|CX||TE|8886323862~AMT|AU|130~SVC|HC^99214|130|0||1~DTM|472|20150724~CAS|CO|45|8.85~CAS|PR|1|121.15~REF|6R|1554588213Z1~AMT|B6|121.15~CLP|608-3692|1|951.66|591.76||13|EZABNSK340000|11|1~NM1|QC|1|BUCK|ANGELA||||MI|W142893066~NM1|74|1||JACK~NM1|82|1|KETHA|SUMANA||||XX|1063835361~MIA|0||||MA15~REF|1L|0818912-033-00551-XC~REF|CE|AEXCEL  PLUS AETNA CHOICE  POS II NET 00338~DTM|232|20150622~DTM|233|20150622~DTM|050|20150911~PER|CX||TE|8886323862~AMT|AU|951.66~SVC|HC^99214^25|130|127.31||1~DTM|472|20150622~CAS|CO|45|2.69~REF|6R|1551103282Z1~AMT|B6|127.31~SVC|HC^95957|46.18|46.18||1|HC^96120~DTM|472|20150622~REF|6R|1551103282Z2~AMT|B6|46.18~SVC|HC^95816|305.27|0||0|HC^95957|1~DTM|472|20150622~CAS|CO|97|305.27|1~REF|6R|1551103282Z3~AMT|B6|305.27~LQ|HE|N19~SVC|HC^95816|123.94|123.94||1|HC^95930~DTM|472|20150622~REF|6R|1551103282Z5~AMT|B6|123.94~SVC|HC^95816^TC|346.27|294.33||1~DTM|472|20150622~CAS|CO|45|51.94~REF|6R|1551103282Z4~AMT|B6|294.33~CLP|608-3692|1|142.8|142.8||13|EZABNSK340001|11|1~NM1|QC|1|BUCK|ANGELA||||MI|W142893066~NM1|74|1||JACK~NM1|82|1|KETHA|SUMANA||||XX|1063835361~MIA|0||||MA15~REF|1L|0818912-033-00551-XC~REF|CE|AEXCEL  PLUS AETNA CHOICE  POS II NET 00338~DTM|232|20150622~DTM|233|20150622~DTM|050|20150911~PER|CX||TE|8886323862~AMT|AU|142.8~SVC|HC^93040|12.23|12.23||1~DTM|472|20150622~REF|6R|1551103282Z8~AMT|B6|12.23~SVC|HC^92585|130.57|130.57||1~DTM|472|20150622~REF|6R|1551103282Z6~AMT|B6|130.57~SE|88|0001~ST|835|0002~BPR|I|137.02|C|ACH|CCP|01|031100209|DA|0000009108|1066033492||01|111000025|DA|488038453432|20150925~TRN|1|815264550003660|1066033492~REF|EV|611340767~DTM|405|20150922~N1|PR|AETNA~N3|151 FARMINGTON AVENUE~N4|HARTFORD|CT|06156~N1|PE|KETHA, SUMANA|XX|1063835361~N3|2925 SKYWAY CIR N~N4|IRVING|TX|750383510~REF|PQ|762610840~REF|TJ|464596718~LX|1~TS3|1063835361|11|20151231|1|160~CLP|5465-3786|1|160|137.02||13|E902NNLJY0000|11|1~NM1|QC|1|KABADILA|JACKIE||||MI|W216403685~NM1|82|1|KETHA|SUMANA||||XX|1063835361~REF|1L|0847805-012-00005-BA~REF|CE|AETNA OPEN ACCESS  MANAGED CHOICE NET 00338~DTM|232|20150612~DTM|233|20150612~DTM|050|20150909~PER|CX||TE|8886323862~AMT|AU|160~SVC|HC^99385|160|137.02||1~DTM|472|20150612~CAS|CO|45|22.98~REF|6R|1547806237Z1~AMT|B6|137.02~SE|31|0002~GE|2|1381~IEA|1|000001386~