ISA|00|          |00|          |ZZ|ZIRMED         |29|E12705         |150530|0426|U|00401|000000124|0|P|^~GS|HP|ZIRMED|E12705|20150530|0426|124|X|004010X091A1~ST|835|0001~BPR|H|0|C|NON||||||||||||20150601~TRN|1|459268243|1205296137~REF|EV|E12705~DTM|405|20150529~N1|PR|NOVITAS SOLUTIONS, INC.~N3|PO BOX 3110~N4|MECHANICSBURG|PA|170551826~REF|2U|04412~PER|CX||TE|8552528782~N1|PE|SUMANA KETHA, MD PA|XX|1356565865~N3|2925 SKYWAY CIRCLE NORTH~N4|IRVING|TX|750383510~REF|TJ|201401614~LX|1~CLP|43764Z5556|1|45.6|0||MB|2915146034440|11|1~NM1|QC|1|ARBAIZA|MARIA|D|||HN|644227413A~NM1|82|1||||||XX|1962447805~MOA|||MA01~DTM|050|20150526~SVC|HC^96372|45.6|0||||1~DTM|472|20150210~CAS|CO|B15|45.6~REF|LU|11~REF|6R|S5556K46149K9~LQ|HE|M80~CLP|43287Z5556|1|552.9|0||MB|2915146034450|11|1~NM1|QC|1|KHAN|MUHAMNAD||||HN|643804253A~NM1|82|1||||||XX|1962447805~MOA|||MA01~DTM|050|20150526~SVC|HC^95923|473.4|0||||1~DTM|472|20140918~CAS|OA|18|473.4~REF|LU|11~REF|6R|S5556K45609K9~LQ|HE|N522~SVC|HC^90654|34.05|0||||1~DTM|472|20140918~CAS|CO|151|34.05~REF|LU|11~REF|6R|S5556K45610K9~LQ|HE|MA01~SVC|HC^G0008|45.45|0||||1~DTM|472|20140918~CAS|CO|151|45.45~REF|LU|11~REF|6R|S5556K45611K9~LQ|HE|MA01~CLP|39482Z5556|1|130.95|0||MB|2915146034460|21|1~NM1|QC|1|LEWIS|EDWARD||||HN|460723561A~NM1|82|1||||||XX|1962447805~DTM|050|20150526~SVC|HC^99232|130.95|0||||1~DTM|472|20140520~CAS|CO|29|130.95~REF|LU|21~REF|6R|S5556K42086K9~LQ|HE|N211~CLP|43446Z5556|1|74.74|0||MB|2915146034480|11|1~NM1|QC|1|REED|LATOSHA||||HN|454497150A~NM1|82|1||||||XX|1962447805~MOA|||MA01~DTM|050|20150526~SVC|HC^G0179|74.74|0||||1~DTM|472|20141220~CAS|CO|151|74.74~REF|LU|11~REF|6R|S5556K45784K9~LQ|HE|M25~CLP|42685Z5556|1|195.35|0||MB|2915146034490|11|1~NM1|QC|1|ROBINSON|TINA||||HN|455337298A~NM1|82|1||||||XX|1962447805~MOA|||MA01~DTM|050|20150526~SVC|HC^99214|195.35|0||||1~DTM|472|20141112~CAS|CO|B15|195.35~REF|LU|11~REF|6R|S5556K44613K9~LQ|HE|M80~CLP|41267Z5556|1|74.74|0||MB|2915146034500|11|1~NM1|QC|1|SOTO|JOSE||||HN|453040927A~NM1|82|1||||||XX|1962447805~MOA|||MA01~DTM|050|20150526~SVC|HC^G0179|74.74|0||||1~DTM|472|20140830~CAS|CO|151|74.74~REF|LU|11~REF|6R|S5556K43484K9~LQ|HE|M25~SE|93|0001~ST|835|0002~BPR|I|3817.83|C|ACH|CCP|01|081517693|DA|152302017594|1205296137||01|111000025|DA|004785310244|20150601~TRN|1|890290853|1205296137~REF|EV|E12705~DTM|405|20150529~N1|PR|NOVITAS SOLUTIONS, INC.~N3|PO BOX 3110~N4|MECHANICSBURG|PA|170551826~REF|2U|04412~PER|CX||TE|8552528782~N1|PE|SUMANA KETHA, MD PA|XX|1356565865~N3|2925 SKYWAY CIRCLE NORTH~N4|IRVING|TX|750383510~REF|TJ|201401614~LX|1~CLP|5887-231|19|70|39.92|10.18|MB|2915138021610|33|1~NM1|QC|1|BANNER|JOSEPHINE||||HN|575283550A~NM1|82|1||||||XX|1952303547~NM1|TT|2|TX HEALTH & HUMAN SERVICES COMMI|||||PI|70051~MOA|||MA01|MA27|MA07~DTM|050|20150518~SVC|HC^99334|70|39.92||1~DTM|472|20150413~CAS|CO|45|18.31||237|.78||253|.81~CAS|PR|2|10.18~REF|LU|33~REF|6R|1451755345Z1~AMT|B6|50.91~LQ|HE|N699~CLP|5887-174|19|104|71.12|18.14|MB|2915138021870|31|1~NM1|QC|1|BANNER|JOSEPHINE||||HN|575283550A~NM1|82|1||||||XX|1962447805~NM1|TT|2|TX HEALTH & HUMAN SERVICES COMMI|||||PI|70051~MOA|||MA01|MA27|MA07~DTM|050|20150518~SVC|HC^99309|104|71.12||1~DTM|472|20150416~CAS|CO|45|11.91||237|1.38||253|1.45~CAS|PR|2|18.14~REF|LU|31~REF|6R|1451762107Z1~AMT|B6|90.71~LQ|HE|N699~CLP|6036-247|19|155|89.89|22.93|MB|2915138021760|31|1~NM1|QC|1|BEREUTER|LOIS||||HN|497209435D~NM1|82|1||||||XX|1952303547~NM1|TT|2|UNITEDHEALTH GROUP|||||PI|30002~MOA|||MA01|MA18~DTM|050|20150518~SVC|HC^99310|155|89.89||1~DTM|472|20150415~CAS|CO|45|38.6||237|1.75||253|1.83~CAS|PR|2|22.93~REF|LU|31~REF|6R|1451758892Z1~AMT|B6|114.65~LQ|HE|N699~CLP|6036-164|19|79|53.66|13.69|MB|2915138021800|31|1~NM1|QC|1|BEREUTER|LOIS||||HN|497209435D~NM1|82|1||||||XX|1962447805~NM1|TT|2|UNITEDHEALTH GROUP|||||PI|30002~MOA|||MA01|MA18~DTM|050|20150518~SVC|HC^99308|79|53.66||1~DTM|472|20150416~CAS|CO|45|9.51||237|1.04||253|1.1~CAS|PR|2|13.69~REF|LU|31~REF|6R|1451762096Z1~AMT|B6|68.45~LQ|HE|N699~CLP|6038-212|19|51|34.75|8.86|MB|2915138021300|32|1~NM1|QC|1|BOOKER|ROY||||HN|458824469M~NM1|82|1||||||XX|1962447805~NM1|TT|2|TX HEALTH & HUMAN SERVICES COMMI|||||PI|70051~MOA|||MA01|MA07~DTM|050|20150518~SVC|HC^99307|51|34.75||1~DTM|472|20150403~CAS|CO|45|6||237|.68||253|.71~CAS|PR|2|8.86~REF|LU|32~REF|6R|1451733418Z1~AMT|B6|44.32~LQ|HE|N699~CLP|3811-183|19|104|71.12|18.14|MB|2915138021260|32|1~NM1|QC|1|BURCHETT|JAMES||||HN|456441264A~NM1|82|1||||||XX|1962447805~NM1|TT|2|TX HEALTH & HUMAN SERVICES COMMI|||||PI|70051~MOA|||MA01|MA07~DTM|050|20150518~SVC|HC^99309|104|71.12||1~DTM|472|20150403~CAS|CO|45|11.91||237|1.38||253|1.45~CAS|PR|2|18.14~REF|LU|32~REF|6R|1451733414Z1~AMT|B6|90.71~LQ|HE|N699~CLP|3811-204|19|51|34.75|8.86|MB|2915138021580|32|1~NM1|QC|1|BURCHETT|JAMES||||HN|456441264A~NM1|82|1||||||XX|1962447805~NM1|TT|2|TX HEALTH & HUMAN SERVICES COMMI|||||PI|70051~MOA|||MA01|MA07~DTM|050|20150518~SVC|HC^99307|51|34.75||1~DTM|472|20150410~CAS|CO|45|6||237|.68||253|.71~CAS|PR|2|8.86~REF|LU|32~REF|6R|1451755339Z1~AMT|B6|44.32~LQ|HE|N699~CLP|5923-228|19|222|127.7|32.58|MB|2915138021600|33|1~NM1|QC|1|CHOI|YOUNG||||HN|188661000M~NM1|82|1||||||XX|1952303547~NM1|TT|2|TX HEALTH & HUMAN SERVICES COMMI|||||PI|70051~MOA|||MA01|MA07~DTM|050|20150518~SVC|HC^99337|222|127.7||1~DTM|472|20150413~CAS|CO|45|56.63||237|2.48||253|2.61~CAS|PR|2|32.58~REF|LU|33~REF|6R|1451755344Z1~AMT|B6|162.89~LQ|HE|N699~CLP|5937-220|19|51|34.75|8.86|MB|2915138021360|32|1~NM1|QC|1|CLOSE|J W||||HN|459866682A~NM1|82|1||||||XX|1962447805~NM1|TT|2|TX HEALTH & HUMAN SERVICES COMMI|||||PI|70051~MOA|||MA01|MA07~DTM|050|20150518~SVC|HC^99307|51|34.75||1~DTM|472|20150403~CAS|CO|45|6||237|.68||253|.71~CAS|PR|2|8.86~REF|LU|32~REF|6R|1451733424Z1~AMT|B6|44.32~LQ|HE|N699~CLP|3666-238|19|109|63.04|16.08|MB|2915138021690|33|1~NM1|QC|1|CROWDER|EVA||||HN|460445627A~NM1|82|1||||||XX|1952303547~NM1|TT|2|AETNA, INC.|||||PI|00060~MOA|||MA01|MA18~DTM|050|20150518~SVC|HC^99335|109|63.04||1~DTM|472|20150415~CAS|CO|45|27.37||237|1.22||253|1.29~CAS|PR|2|16.08~REF|LU|33~REF|6R|1451758883Z1~AMT|B6|80.41~LQ|HE|N699~CLP|156-166|19|79|53.66|13.69|MB|2915138021820|31|1~NM1|QC|1|DOMINGUEZ|MARIA||||HN|456542337A~NM1|82|1||||||XX|1962447805~NM1|TT|2|TX HEALTH & HUMAN SERVICES COMMI|||||PI|70051~MOA|||MA01|MA07~DTM|050|20150518~SVC|HC^99308|79|53.66||1~DTM|472|20150416~CAS|CO|45|9.51||237|1.04||253|1.1~CAS|PR|2|13.69~REF|LU|31~REF|6R|1451762099Z1~AMT|B6|68.45~LQ|HE|N699~CLP|648-182|19|104|71.12|18.14|MB|2915138021390|32|1~NM1|QC|1|ELLIS|JOHNNY||||HN|455964775A~NM1|82|1||||||XX|1962447805~NM1|TT|2|TX HEALTH & HUMAN SERVICES COMMI|||||PI|70051~MOA|||MA01|MA07~DTM|050|20150518~SVC|HC^99309|104|71.12||1~DTM|472|20150403~CAS|CO|45|11.91||237|1.38||253|1.45~CAS|PR|2|18.14~REF|LU|32~REF|6R|1451736302Z1~AMT|B6|90.71~LQ|HE|N699~CLP|3363-215|19|51|34.75|8.86|MB|2915138021310|32|1~NM1|QC|1|GALIMORE|FELIXD||||HN|439522668A~NM1|82|1||||||XX|1962447805~NM1|TT|2|TX HEALTH & HUMAN SERVICES COMMI|||||PI|70051~MOA|||MA01|MA07~DTM|050|20150518~SVC|HC^99307|51|34.75||1~DTM|472|20150403~CAS|CO|45|6||237|.68||253|.71~CAS|PR|2|8.86~REF|LU|32~REF|6R|1451733419Z1~AMT|B6|44.32~LQ|HE|N699~CLP|3363-188|19|104|71.12|18.14|MB|2915138021510|32|1~NM1|QC|1|GALIMORE|FELIXD||||HN|439522668A~NM1|82|1||||||XX|1962447805~NM1|TT|2|TX HEALTH & HUMAN SERVICES COMMI|||||PI|70051~MOA|||MA01|MA07~DTM|050|20150518~SVC|HC^99309|104|71.12||1~DTM|472|20150407~CAS|CO|45|11.91||237|1.38||253|1.45~CAS|PR|2|18.14~REF|LU|32~REF|6R|1451755332Z1~AMT|B6|90.71~LQ|HE|N699~CLP|6028-180|19|104|71.12|18.14|MB|2915138021240|32|1~NM1|QC|1|GARCIA|HERALDO||||HN|458840277A~NM1|82|1||||||XX|1962447805~NM1|TT|2|TX HEALTH & HUMAN SERVICES COMMI|||||PI|70051~MOA|||MA01|MA07~DTM|050|20150518~SVC|HC^99309|104|71.12||1~DTM|472|20150403~CAS|CO|45|11.91||237|1.38||253|1.45~CAS|PR|2|18.14~REF|LU|32~REF|6R|1451733412Z1~AMT|B6|90.71~LQ|HE|N699~CLP|3827-246|19|109|63.04|16.08|MB|2915138021750|33|1~NM1|QC|1|GEER|VIRGINIA||||HN|449448951D~NM1|82|1||||||XX|1952303547~NM1|TT|2|SIERRA HEALTH & LIFE INSURANCE C|||||PI|30096~MOA|||MA01|MA18~DTM|050|20150518~SVC|HC^99335|109|63.04||1~DTM|472|20150415~CAS|CO|45|27.37||237|1.22||253|1.29~CAS|PR|2|16.08~REF|LU|33~REF|6R|1451758891Z1~AMT|B6|80.41~LQ|HE|N699~CLP|6039-222|19|51|34.75|8.86|MB|2915138021380|32|1~NM1|QC|1|GERMANY|TOMMIE||||HN|456642617M~NM1|82|1||||||XX|1962447805~NM1|TT|2|TX HEALTH & HUMAN SERVICES COMMI|||||PI|70051~MOA|||MA01|MA07~DTM|050|20150518~SVC|HC^99307|51|34.75||1~DTM|472|20150403~CAS|CO|45|6||237|.68||253|.71~CAS|PR|2|8.86~REF|LU|32~REF|6R|1451733426Z1~AMT|B6|44.32~LQ|HE|N699~CLP|2991-208|19|51|34.75|8.86|MB|2915138021280|32|1~NM1|QC|1|GIPSON|CARRIE||||HN|457404502B~NM1|82|1||||||XX|1962447805~NM1|TT|2|TX HEALTH & HUMAN SERVICES COMMI|||||PI|70051~MOA|||MA01|MA07~DTM|050|20150518~SVC|HC^99307|51|34.75||1~DTM|472|20150403~CAS|CO|45|6||237|.68||253|.71~CAS|PR|2|8.86~REF|LU|32~REF|6R|1451733416Z1~AMT|B6|44.32~LQ|HE|N699~CLP|6037-195|19|104|71.12|18.14|MB|2915138021570|32|1~NM1|QC|1|HARPER|JOE|M|||HN|452825305M~NM1|82|1||||||XX|1962447805~NM1|TT|2|TX HEALTH & HUMAN SERVICES COMMI|||||PI|70051~MOA|||MA01|MA07~DTM|050|20150518~SVC|HC^99309|104|71.12||1~DTM|472|20150410~CAS|CO|45|11.91||237|1.38||253|1.45~CAS|PR|2|18.14~REF|LU|32~REF|6R|1451755338Z1~AMT|B6|90.71~LQ|HE|N699~CLP|651-192|19|104|71.12|18.14|MB|2915138021550|32|1~NM1|QC|1|HARPER|OLIN||||HN|456603904A~NM1|82|1||||||XX|1962447805~NM1|TT|2|TX HEALTH & HUMAN SERVICES COMMI|||||PI|70051~MOA|||MA01|MA07~DTM|050|20150518~SVC|HC^99309|104|71.12||1~DTM|472|20150410~CAS|CO|45|11.91||237|1.38||253|1.45~CAS|PR|2|18.14~REF|LU|32~REF|6R|1451755336Z1~AMT|B6|90.71~LQ|HE|N699~CLP|3620-159|19|104|60.46|15.42|MB|2915138021500|31|1~NM1|QC|1|JACOBO|BENNIE||||HN|525502381A~NM1|82|1||||||XX|1952303547~NM1|TT|2|CHAMPVA-VA HEALTH ADMIN CTR|||||PI|80214~MOA|||MA01|MA18~DTM|050|20150518~SVC|HC^99309|104|60.46||1~DTM|472|20150409~CAS|CO|45|25.72||237|1.17||253|1.23~CAS|PR|2|15.42~REF|LU|31~REF|6R|1451755331Z1~AMT|B6|77.11~LQ|HE|N699~CLP|3620-163|19|79|53.66|13.69|MB|2915138021810|31|1~NM1|QC|1|JACOBO|BENNIE||||HN|525502381A~NM1|82|1||||||XX|1962447805~NM1|TT|2|CHAMPVA-VA HEALTH ADMIN CTR|||||PI|80214~MOA|||MA01|MA18~DTM|050|20150518~SVC|HC^99308|79|53.66||1~DTM|472|20150416~CAS|CO|45|9.51||237|1.04||253|1.1~CAS|PR|2|13.69~REF|LU|31~REF|6R|1451762097Z1~AMT|B6|68.45~LQ|HE|N699~CLP|5115-189|19|104|71.12|18.14|MB|2915138021520|32|1~NM1|QC|1|JOHNSON|GEORGE||||HN|451619160A~NM1|82|1||||||XX|1962447805~NM1|TT|2|TX HEALTH & HUMAN SERVICES COMMI|||||PI|70051~MOA|||MA01|MA07~DTM|050|20150518~SVC|HC^99309|104|71.12||1~DTM|472|20150407~CAS|CO|45|11.91||237|1.38||253|1.45~CAS|PR|2|18.14~REF|LU|32~REF|6R|1451755333Z1~AMT|B6|90.71~LQ|HE|N699~CLP|5848-245|19|222|127.7|32.58|MB|2915138021740|33|1~NM1|QC|1|JOHNSON|ROSEMARY||||HN|462149741A~NM1|82|1||||||XX|1952303547~NM1|TT|2|UNITEDHEALTH GROUP|||||PI|30002~MOA|||MA01|MA18~DTM|050|20150518~SVC|HC^99337|222|127.7||1~DTM|472|20150415~CAS|CO|45|56.63||237|2.48||253|2.61~CAS|PR|2|32.58~REF|LU|33~REF|6R|1451758890Z1~AMT|B6|162.89~LQ|HE|N699~CLP|3612-107|19|193|130.17|33.21|MB|2915138021770|31|1~NM1|QC|1|KEILSON|GERALD||||HN|462301721A~NM1|82|1||||||XX|1962447805~NM1|TT|2|AMA INSURANCE AGENCY, INC.|||||PI|30150~MOA|||MA01|MA18~DTM|050|20150518~SVC|HC^99306|193|130.17||1~DTM|472|20150416~CAS|CO|45|24.43||237|2.53||253|2.66~CAS|PR|2|33.21~REF|LU|31~REF|6R|1451762093Z1~AMT|B6|166.04~LQ|HE|N699~CLP|830-218|19|51|34.75|8.86|MB|2915138021340|32|1~NM1|QC|1|KING|LOUISE||||HN|452523415A~NM1|82|1||||||XX|1962447805~NM1|TT|2|TX HEALTH & HUMAN SERVICES COMMI|||||PI|70051~MOA|||MA01|MA07~DTM|050|20150518~SVC|HC^99307|51|34.75||1~DTM|472|20150403~CAS|CO|45|6||237|.68||253|.71~CAS|PR|2|8.86~REF|LU|32~REF|6R|1451733422Z1~AMT|B6|44.32~LQ|HE|N699~CLP|3810-184|19|104|71.12|18.14|MB|2915138021250|32|1~NM1|QC|1|KISER|BEN||||HN|456687960M~NM1|82|1||||||XX|1962447805~NM1|TT|2|TX HEALTH & HUMAN SERVICES COMMI|||||PI|70051~MOA|||MA01|MA07~DTM|050|20150518~SVC|HC^99309|104|71.12||1~DTM|472|20150403~CAS|CO|45|11.91||237|1.38||253|1.45~CAS|PR|2|18.14~REF|LU|32~REF|6R|1451733413Z1~AMT|B6|90.71~LQ|HE|N699~CLP|5056-178|19|104|71.12|18.14|MB|2915138021220|32|1~NM1|QC|1|LANGLEY|JIMMY||||HN|456584415A~NM1|82|1||||||XX|1962447805~NM1|TT|2|TX HEALTH & HUMAN SERVICES COMMI|||||PI|70051~MOA|||MA01|MA07~DTM|050|20150518~SVC|HC^99309|104|71.12||1~DTM|472|20150403~CAS|CO|45|11.91||237|1.38||253|1.45~CAS|PR|2|18.14~REF|LU|32~REF|6R|1451733409Z1~AMT|B6|90.71~LQ|HE|N699~CLP|1602-206|19|51|34.75|8.86|MB|2915138021270|32|1~NM1|QC|1|LUCKETT|MARY||||HN|523464493A~NM1|82|1||||||XX|1962447805~NM1|TT|2|TX HEALTH & HUMAN SERVICES COMMI|||||PI|70051~MOA|||MA01|MA07~DTM|050|20150518~SVC|HC^99307^GW|51|34.75||1~DTM|472|20150403~CAS|CO|45|6||237|.68||253|.71~CAS|PR|2|8.86~REF|LU|32~REF|6R|1451733415Z1~AMT|B6|44.32~LQ|HE|N699~CLP|1602-199|19|155|105.75|26.98|MB|2915138021630|32|1~NM1|QC|1|LUCKETT|MARY||||HN|523464493A~NM1|82|1||||||XX|1962447805~NM1|TT|2|TX HEALTH & HUMAN SERVICES COMMI|||||PI|70051~MOA|||MA01|MA07~DTM|050|20150518~SVC|HC^99310|155|105.75||1~DTM|472|20150414~CAS|CO|45|18.06||237|2.05||253|2.16~CAS|PR|2|26.98~REF|LU|32~REF|6R|1451758877Z1~AMT|B6|134.89~LQ|HE|N699~CLP|5903-240|1|109|63.04|16.08|MB|2915138021710|33|1~NM1|QC|1|MARTINEZ|IBSEN||||HN|449715409A~NM1|82|1||||||XX|1952303547~MOA|||MA01|MA27~DTM|050|20150518~SVC|HC^99335|109|63.04||1~DTM|472|20150415~CAS|CO|45|27.37||237|1.22||253|1.29~CAS|PR|2|16.08~REF|LU|33~REF|6R|1451758885Z1~AMT|B6|80.41~LQ|HE|N699~CLP|1028-216|19|51|34.75|8.86|MB|2915138021320|32|1~NM1|QC|1|MITCHELL|CARL||||HN|449686350A~NM1|82|1||||||XX|1962447805~NM1|TT|2|TX HEALTH & HUMAN SERVICES COMMI|||||PI|70051~MOA|||MA01|MA07~DTM|050|20150518~SVC|HC^99307|51|34.75||1~DTM|472|20150403~CAS|CO|45|6||237|.68||253|.71~CAS|PR|2|8.86~REF|LU|32~REF|6R|1451733420Z1~AMT|B6|44.32~LQ|HE|N699~CLP|1028-198|19|104|71.12|18.14|MB|2915138021640|32|1~NM1|QC|1|MITCHELL|CARL||||HN|449686350A~NM1|82|1||||||XX|1962447805~NM1|TT|2|TX HEALTH & HUMAN SERVICES COMMI|||||PI|70051~MOA|||MA01|MA07~DTM|050|20150518~SVC|HC^99309|104|71.12||1~DTM|472|20150414~CAS|CO|45|11.91||237|1.38||253|1.45~CAS|PR|2|18.14~REF|LU|32~REF|6R|1451758878Z1~AMT|B6|90.71~LQ|HE|N699~CLP|797-203|1|104|71.12|18.14|MB|2915138021670|32|1~NM1|QC|1|MIXON|MARION||||HN|418423701A~NM1|82|1||||||XX|1962447805~MOA|||MA01~DTM|050|20150518~SVC|HC^99309|104|71.12||1~DTM|472|20150414~CAS|CO|45|11.91||237|1.38||253|1.45~CAS|PR|2|18.14~REF|LU|32~REF|6R|1451758881Z1~AMT|B6|90.71~LQ|HE|N699~CLP|6035-161|19|193|130.17|33.21|MB|2915138021780|31|1~NM1|QC|1|MYERS|BILLYE||||HN|449328942A~NM1|82|1||||||XX|1962447805~NM1|TT|2|UNITEDHEALTH GROUP|||||PI|30002~MOA|||MA01|MA18~DTM|050|20150518~SVC|HC^99306|193|130.17||1~DTM|472|20150416~CAS|CO|45|24.43||237|2.53||253|2.66~CAS|PR|2|33.21~REF|LU|31~REF|6R|1451762094Z1~AMT|B6|166.04~LQ|HE|N699~CLP|2824-209|19|51|34.75|8.86|MB|2915138021290|32|1~NM1|QC|1|NORMAN|SUSAN||||HN|465116311A~NM1|82|1||||||XX|1962447805~NM1|TT|2|TX HEALTH & HUMAN SERVICES COMMI|||||PI|70051~MOA|||MA01|MA07~DTM|050|20150518~SVC|HC^99307^GW|51|34.75||1~DTM|472|20150403~CAS|CO|45|6||237|.68||253|.71~CAS|PR|2|8.86~REF|LU|32~REF|6R|1451733417Z1~AMT|B6|44.32~LQ|HE|N699~CLP|5031-233|19|222|127.7|32.58|MB|2915138021620|33|1~NM1|QC|1|PILGRIM|NELL||||HN|411098338D~NM1|82|1||||||XX|1952303547~NM1|TT|2|UNITEDHEALTH GROUP|||||PI|30002~MOA|||MA01|MA18~DTM|050|20150518~SVC|HC^99337|222|127.7||1~DTM|472|20150413~CAS|CO|45|56.63||237|2.48||253|2.61~CAS|PR|2|32.58~REF|LU|33~REF|6R|1451755347Z1~AMT|B6|162.89~LQ|HE|N699~CLP|5031-243|19|222|127.7|32.58|MB|2915138021730|33|1~NM1|QC|1|PILGRIM|NELL||||HN|411098338D~NM1|82|1||||||XX|1952303547~NM1|TT|2|UNITEDHEALTH GROUP|||||PI|30002~MOA|||MA01|MA18~DTM|050|20150518~SVC|HC^99337|222|127.7||1~DTM|472|20150415~CAS|CO|45|56.63||237|2.48||253|2.61~CAS|PR|2|32.58~REF|LU|33~REF|6R|1451758888Z1~AMT|B6|162.89~LQ|HE|N699~CLP|6034-171|19|104|71.12|18.14|MB|2915138021860|31|1~NM1|QC|1|QUINN|YOSHIKO|S|||HN|089400238A~NM1|82|1||||||XX|1962447805~NM1|TT|2|AETNA, INC.|||||PI|00060~MOA|||MA01|MA18~DTM|050|20150518~SVC|HC^99309|104|71.12||1~DTM|472|20150416~CAS|CO|45|11.91||237|1.38||253|1.45~CAS|PR|2|18.14~REF|LU|31~REF|6R|1451762104Z1~AMT|B6|90.71~LQ|HE|N699~CLP|3967-217|19|51|34.75|8.86|MB|2915138021330|32|1~NM1|QC|1|ROBERTSJR|MILTON||||HN|459741771A~NM1|82|1||||||XX|1962447805~NM1|TT|2|TX HEALTH & HUMAN SERVICES COMMI|||||PI|70051~MOA|||MA01|MA07~DTM|050|20150518~SVC|HC^99307|51|34.75||1~DTM|472|20150403~CAS|CO|45|6||237|.68||253|.71~CAS|PR|2|8.86~REF|LU|32~REF|6R|1451733421Z1~AMT|B6|44.32~LQ|HE|N699~CLP|810-219|19|51|34.75|8.86|MB|2915138021350|32|1~NM1|QC|1|ROSS|RUTH||||HN|459603783D~NM1|82|1||||||XX|1962447805~NM1|TT|2|TX HEALTH & HUMAN SERVICES COMMI|||||PI|70051~MOA|||MA01|MA07~DTM|050|20150518~SVC|HC^99307|51|34.75||1~DTM|472|20150403~CAS|CO|45|6||237|.68||253|.71~CAS|PR|2|8.86~REF|LU|32~REF|6R|1451733423Z1~AMT|B6|44.32~LQ|HE|N699~CLP|810-200|19|104|71.12|18.14|MB|2915138021650|32|1~NM1|QC|1|ROSS|RUTH||||HN|459603783D~NM1|82|1||||||XX|1962447805~NM1|TT|2|TX HEALTH & HUMAN SERVICES COMMI|||||PI|70051~MOA|||MA01|MA07~DTM|050|20150518~SVC|HC^99309|104|71.12||1~DTM|472|20150414~CAS|CO|45|11.91||237|1.38||253|1.45~CAS|PR|2|18.14~REF|LU|32~REF|6R|1451758879Z1~AMT|B6|90.71~LQ|HE|N699~CLP|3713-226|19|109|63.04|16.08|MB|2915138021590|33|1~NM1|QC|1|ROTHSTEIN|AGATHA||||HN|539267482D~NM1|82|1||||||XX|1952303547~NM1|TT|2|AETNA, INC.|||||PI|00060~MOA|||MA01|MA18~DTM|050|20150518~SVC|HC^99335|109|63.04||1~DTM|472|20150413~CAS|CO|45|27.37||237|1.22||253|1.29~CAS|PR|2|16.08~REF|LU|33~REF|6R|1451755342Z1~AMT|B6|80.41~LQ|HE|N699~CLP|3713-241|19|222|127.7|32.58|MB|2915138021720|33|1~NM1|QC|1|ROTHSTEIN|AGATHA||||HN|539267482D~NM1|82|1||||||XX|1952303547~NM1|TT|2|AETNA, INC.|||||PI|00060~MOA|||MA01|MA18~DTM|050|20150518~SVC|HC^99337|222|127.7||1~DTM|472|20150415~CAS|CO|45|56.63||237|2.48||253|2.61~CAS|PR|2|32.58~REF|LU|33~REF|6R|1451758886Z1~AMT|B6|162.89~LQ|HE|N699~CLP|3713-168|19|104|71.12|18.14|MB|2915138021840|31|1~NM1|QC|1|ROTHSTEIN|AGATHA||||HN|539267482D~NM1|82|1||||||XX|1962447805~NM1|TT|2|AETNA, INC.|||||PI|00060~MOA|||MA01|MA18~DTM|050|20150518~SVC|HC^99309|104|71.12||1~DTM|472|20150416~CAS|CO|45|11.91||237|1.38||253|1.45~CAS|PR|2|18.14~REF|LU|31~REF|6R|1451762101Z1~AMT|B6|90.71~LQ|HE|N699~CLP|356-237|19|222|127.7|32.58|MB|2915138021680|33|1~NM1|QC|1|RUBIO|JANE||||HN|456449295B~NM1|82|1||||||XX|1952303547~NM1|TT|2|TX HEALTH & HUMAN SERVICES COMMI|||||PI|70051~MOA|||MA01|MA07~DTM|050|20150518~SVC|HC^99337|222|127.7||1~DTM|472|20150415~CAS|CO|45|56.63||237|2.48||253|2.61~CAS|PR|2|32.58~REF|LU|33~REF|6R|1451758882Z1~AMT|B6|162.89~LQ|HE|N699~CLP|356-162|19|104|71.12|18.14|MB|2915138021790|31|1~NM1|QC|1|RUBIO|JANE||||HN|456449295B~NM1|82|1||||||XX|1962447805~NM1|TT|2|TX HEALTH & HUMAN SERVICES COMMI|||||PI|70051~MOA|||MA01|MA07~DTM|050|20150518~SVC|HC^99309|104|71.12||1~DTM|472|20150416~CAS|CO|45|11.91||237|1.38||253|1.45~CAS|PR|2|18.14~REF|LU|31~REF|6R|1451762095Z1~AMT|B6|90.71~LQ|HE|N699~CLP|243-167|19|79|53.66|13.69|MB|2915138021830|31|1~NM1|QC|1|RUBIO|ROBERT||||HN|456449295A~NM1|82|1||||||XX|1962447805~NM1|TT|2|TX HEALTH & HUMAN SERVICES COMMI|||||PI|70051~MOA|||MA01|MA07~DTM|050|20150518~SVC|HC^99308|79|53.66||1~DTM|472|20150416~CAS|CO|45|9.51||237|1.04||253|1.1~CAS|PR|2|13.69~REF|LU|31~REF|6R|1451762100Z1~AMT|B6|68.45~LQ|HE|N699~CLP|3503-221|19|51|34.75|8.86|MB|2915138021370|32|1~NM1|QC|1|RYLANDER|RICHARD||||HN|435661924A~NM1|82|1||||||XX|1962447805~NM1|TT|2|TX HEALTH & HUMAN SERVICES COMMI|||||PI|70051~MOA|||MA01|MA07~DTM|050|20150518~SVC|HC^99307|51|34.75||1~DTM|472|20150403~CAS|CO|45|6||237|.68||253|.71~CAS|PR|2|8.86~REF|LU|32~REF|6R|1451733425Z1~AMT|B6|44.32~LQ|HE|N699~CLP|5582-190|19|104|71.12|18.14|MB|2915138021530|32|1~NM1|QC|1|SANDERS|TONY||||HN|467086770A~NM1|82|1||||||XX|1962447805~NM1|TT|2|TX HEALTH & HUMAN SERVICES COMMI|||||PI|70051~MOA|||MA01|MA07~DTM|050|20150518~SVC|HC^99309|104|71.12||1~DTM|472|20150407~CAS|CO|45|11.91||237|1.38||253|1.45~CAS|PR|2|18.14~REF|LU|32~REF|6R|1451755334Z1~AMT|B6|90.71~LQ|HE|N699~CLP|5584-193|19|104|71.12|18.14|MB|2915138021560|32|1~NM1|QC|1|SAVANNAH|BILLY||||HN|439621087A~NM1|82|1||||||XX|1962447805~NM1|TT|2|TX HEALTH & HUMAN SERVICES COMMI|||||PI|70051~MOA|||MA01|MA07~DTM|050|20150518~SVC|HC^99309|104|71.12||1~DTM|472|20150410~CAS|CO|45|11.91||237|1.38||253|1.45~CAS|PR|2|18.14~REF|LU|32~REF|6R|1451755337Z1~AMT|B6|90.71~LQ|HE|N699~CLP|5929-239|19|51|29.54|7.54|MB|2915138021700|31|1~NM1|QC|1|SCHROEDER|EDNA||||HN|466145851D~NM1|82|1||||||XX|1952303547~NM1|TT|2|UNITEDHEALTH GROUP|||||PI|30002~MOA|||MA01|MA18~DTM|050|20150518~SVC|HC^99307|51|29.54||1~DTM|472|20150415~CAS|CO|45|12.75||237|.57||253|.6~CAS|PR|2|7.54~REF|LU|31~REF|6R|1451758884Z1~AMT|B6|37.68~LQ|HE|N699~CLP|5929-169|19|79|53.66|13.69|MB|2915138021850|31|1~NM1|QC|1|SCHROEDER|EDNA||||HN|466145851D~NM1|82|1||||||XX|1962447805~NM1|TT|2|UNITEDHEALTH GROUP|||||PI|30002~MOA|||MA01|MA18~DTM|050|20150518~SVC|HC^99308|79|53.66||1~DTM|472|20150416~CAS|CO|45|9.51||237|1.04||253|1.1~CAS|PR|2|13.69~REF|LU|31~REF|6R|1451762102Z1~AMT|B6|68.45~LQ|HE|N699~CLP|865-176|19|104|71.12|18.14|MB|2915138021210|32|1~NM1|QC|1|STEWARD|OTIS LEE||||HN|450965045A~NM1|82|1||||||XX|1962447805~NM1|TT|2|TX HEALTH & HUMAN SERVICES COMMI|||||PI|70051~MOA|||MA01|MA07~DTM|050|20150518~SVC|HC^99309|104|71.12||1~DTM|472|20150403~CAS|CO|45|11.91||237|1.38||253|1.45~CAS|PR|2|18.14~REF|LU|32~REF|6R|1451733408Z1~AMT|B6|90.71~LQ|HE|N699~CLP|1027-202|19|104|71.12|18.14|MB|2915138021660|32|1~NM1|QC|1|THORNTON|ARWILDER||||HN|457072991C1~NM1|82|1||||||XX|1962447805~NM1|TT|2|TX HEALTH & HUMAN SERVICES COMMI|||||PI|70051~MOA|||MA01|MA07~DTM|050|20150518~SVC|HC^99309^GW|104|71.12||1~DTM|472|20150414~CAS|CO|45|11.91||237|1.38||253|1.45~CAS|PR|2|18.14~REF|LU|32~REF|6R|1451758880Z1~AMT|B6|90.71~LQ|HE|N699~CLP|5156-179|19|104|71.12|18.14|MB|2915138021230|32|1~NM1|QC|1|WOODARD|SEYMOUR||||HN|459749510A~NM1|82|1||||||XX|1962447805~NM1|TT|2|TX HEALTH & HUMAN SERVICES COMMI|||||PI|70051~MOA|||MA01|MA07~DTM|050|20150518~SVC|HC^99309|104|71.12||1~DTM|472|20150403~CAS|CO|45|11.91||237|1.38||253|1.45~CAS|PR|2|18.14~REF|LU|32~REF|6R|1451733410Z1~AMT|B6|90.71~LQ|HE|N699~SE|798|0002~GE|2|124~IEA|1|000000124~