ISA|00|          |00|          |ZZ|ZIRMED         |29|E12705         |150527|0527|U|00401|000000092|0|P|^~GS|HP|ZIRMED|E12705|20150527|0527|92|X|004010X091A1~ST|835|0001~BPR|H|0|C|NON||||||||||||20150527~TRN|1|459248915|1205296137~REF|EV|E12705~DTM|405|20150526~N1|PR|NOVITAS SOLUTIONS, INC.~N3|PO BOX 3110~N4|MECHANICSBURG|PA|170551826~REF|2U|04412~PER|CX||TE|8552528782~N1|PE|SUMANA KETHA, MD PA|XX|1356565865~N3|2925 SKYWAY CIRCLE NORTH~N4|IRVING|TX|750383510~REF|TJ|201401614~LX|1~CLP|6052-278|4|193|0||MB|2915142314270|31|1~NM1|QC|1|JAMES|MCVICKER||||HN|455469000A~NM1|82|1||||||XX|1962447805~MOA|||MA130|MA61~DTM|050|20150522~SVC|HC^99306|193|0||||1~DTM|472|20150507~CAS|CO|140|193~REF|LU|31~REF|6R|1456541811Z1~LQ|HE|MA130~LQ|HE|MA61~CLP|6057-283|4|211|0||MB|2915142314240|32|1~NM1|QC|1|NORMAN|WAKINS|L|||HN|450412954A~NM1|82|1||||||XX|1962447805~MOA|||MA130|MA61~DTM|050|20150522~SVC|HC^99306^25|193|0||||1~DTM|472|20150428~CAS|CO|140|193~REF|LU|32~REF|6R|1456531279Z1~LQ|HE|MA130~LQ|HE|MA61~SVC|HC^99406|18|0||||1~DTM|472|20150428~CAS|CO|140|18~REF|LU|32~REF|6R|1456531279Z2~LQ|HE|MA130~LQ|HE|MA61~SE|47|0001~ST|835|0002~BPR|I|1297.75|C|ACH|CCP|01|081517693|DA|152302017594|1205296137||01|111000025|DA|004785310244|20150527~TRN|1|890263495|1205296137~REF|EV|E12705~DTM|405|20150526~N1|PR|NOVITAS SOLUTIONS, INC.~N3|PO BOX 3110~N4|MECHANICSBURG|PA|170551826~REF|2U|04412~PER|CX||TE|8552528782~N1|PE|SUMANA KETHA, MD PA|XX|1356565865~N3|2925 SKYWAY CIRCLE NORTH~N4|IRVING|TX|750383510~REF|TJ|201401614~LX|1~CLP|6032-117|1|104|60.46|15.42|MB|2915133144210|31|1~NM1|QC|1|DAVILA|MARIA|M|||HN|466881776D~NM1|82|1||||||XX|1952303547~MOA|||MA01~DTM|050|20150513~SVC|HC^99309|104|60.46||1~DTM|472|20150330~CAS|CO|45|25.72||237|1.17||253|1.23~CAS|PR|2|15.42~REF|LU|31~REF|6R|1448489879Z1~AMT|B6|77.11~LQ|HE|N699~CLP|3827-122|19|222|127.7|32.58|MB|2915133144260|33|1~NM1|QC|1|GEER|VIRGINIA||||HN|449448951D~NM1|82|1||||||XX|1952303547~NM1|TT|2|SIERRA HEALTH & LIFE INSURANCE C|||||PI|30096~MOA|||MA01|MA18~DTM|050|20150513~SVC|HC^99337|222|127.7||1~DTM|472|20150330~CAS|CO|45|56.63||237|2.48||253|2.61~CAS|PR|2|32.58~REF|LU|33~REF|6R|1448489888Z1~AMT|B6|162.89~LQ|HE|N699~CLP|568-120|19|51|29.54|7.54|MB|2915133144240|31|1~NM1|QC|1|HILTON|MAECEIL||||HN|450608307A~NM1|82|1||||||XX|1952303547~NM1|TT|2|MUTUAL OF OMAHA INSURANCE COMP|||||PI|30090~MOA|||MA01|MA18~DTM|050|20150513~SVC|HC^99307|51|29.54||1~DTM|472|20150330~CAS|CO|45|12.75||237|.57||253|.6~CAS|PR|2|7.54~REF|LU|31~REF|6R|1448489884Z1~AMT|B6|37.68~LQ|HE|N699~CLP|5948-113|19|104|60.46|15.42|MB|2915133144190|31|1~NM1|QC|1|JOHNSTON|CLEORA||||HN|159149272D~NM1|82|1||||||XX|1952303547~NM1|TT|2|UNITEDHEALTH GROUP|||||PI|30002~MOA|||MA01|MA18~DTM|050|20150513~SVC|HC^99309|104|60.46||1~DTM|472|20150330~CAS|CO|45|25.72||237|1.17||253|1.23~CAS|PR|2|15.42~REF|LU|31~REF|6R|1448489870Z1~AMT|B6|77.11~LQ|HE|N699~CLP|6031-118|19|104|60.46|15.42|MB|2915133144220|31|1~NM1|QC|1|MILLER|WILLIAM|C|||HN|458344463A~NM1|82|1||||||XX|1952303547~NM1|TT|2|AETNA, INC.|||||PI|00060~MOA|||MA01|MA18~DTM|050|20150513~SVC|HC^99309|104|60.46||1~DTM|472|20150330~CAS|CO|45|25.72||237|1.17||253|1.23~CAS|PR|2|15.42~REF|LU|31~REF|6R|1448489880Z1~AMT|B6|77.11~LQ|HE|N699~CLP|797-135|19|104|71.12|18.14|MB|2915133144350|32|1~NM1|QC|1|MIXON|MARION||||HN|418423701A~NM1|82|1||||||XX|1962447805~NM1|TT|2|TX HEALTH & HUMAN SERVICES COMMI|||||PI|70051~MOA|||MA01|MA07~DTM|050|20150513~SVC|HC^99309|104|71.12||1~DTM|472|20150316~CAS|CO|45|11.91||237|1.38||253|1.45~CAS|PR|2|18.14~REF|LU|32~REF|6R|1448494341Z1~AMT|B6|90.71~LQ|HE|N699~CLP|6033-134|1|104|71.12|18.14|MB|2915133144340|32|1~NM1|QC|1|MONTEAUX|DORIS||||HN|465368367A~NM1|82|1||||||XX|1962447805~MOA|||MA01~DTM|050|20150513~SVC|HC^99309|104|71.12||1~DTM|472|20150320~CAS|CO|45|11.91||237|1.38||253|1.45~CAS|PR|2|18.14~REF|LU|32~REF|6R|1448494338Z1~AMT|B6|90.71~LQ|HE|N699~CLP|783-133|19|104|71.12|18.14|MB|2915133144330|32|1~NM1|QC|1|NELSON|HELEN||||HN|452520020M~NM1|82|1||||||XX|1962447805~NM1|TT|2|TX HEALTH & HUMAN SERVICES COMMI|||||PI|70051~MOA|||MA01|MA07~DTM|050|20150513~SVC|HC^99309^GW|104|71.12||1~DTM|472|20150323~CAS|CO|45|11.91||237|1.38||253|1.45~CAS|PR|2|18.14~REF|LU|32~REF|6R|1448494337Z1~AMT|B6|90.71~LQ|HE|N699~CLP|3507-121|19|109|63.04|16.08|MB|2915133144250|33|1~NM1|QC|1|PAGE|ROBERT||||HN|275349947A~NM1|82|1||||||XX|1952303547~NM1|TT|2|TX HEALTH & HUMAN SERVICES COMMI|||||PI|70051~MOA|||MA01|MA07~DTM|050|20150513~SVC|HC^99335|109|63.04||1~DTM|472|20150330~CAS|CO|45|27.37||237|1.22||253|1.29~CAS|PR|2|16.08~REF|LU|33~REF|6R|1448489886Z1~AMT|B6|80.41~LQ|HE|N699~CLP|5031-115|19|222|127.7|32.58|MB|2915133144200|33|1~NM1|QC|1|PILGRIM|NELL||||HN|411098338D~NM1|82|1||||||XX|1952303547~NM1|TT|2|UNITEDHEALTH GROUP|||||PI|30002~MOA|||MA01|MA18~DTM|050|20150513~SVC|HC^99337|222|127.7||1~DTM|472|20150330~CAS|CO|45|56.63||237|2.48||253|2.61~CAS|PR|2|32.58~REF|LU|33~REF|6R|1448489874Z1~AMT|B6|162.89~LQ|HE|N699~CLP|3967-131|19|122|82.19|20.96|MB|2915133144310|32|1~NM1|QC|1|ROBERTSJR|MILTON||||HN|459741771A~NM1|82|1||||||XX|1962447805~NM1|TT|2|TX HEALTH & HUMAN SERVICES COMMI|||||PI|70051~MOA|||MA01|MA07~DTM|050|20150513~SVC|HC^99309^25|104|71.12||1~DTM|472|20150326~CAS|CO|45|11.91||237|1.38||253|1.45~CAS|PR|2|18.14~REF|LU|32~REF|6R|1448494333Z1~AMT|B6|90.71~LQ|HE|N699~SVC|HC^99406|18|11.07||1~DTM|472|20150326~CAS|CO|45|3.66||237|.22||253|.23~CAS|PR|2|2.82~REF|LU|32~REF|6R|1448494333Z2~AMT|B6|14.12~LQ|HE|N699~CLP|356-112|19|70|39.92|10.18|MB|2915133144180|33|1~NM1|QC|1|RUBIO|JANE||||HN|456449295B~NM1|82|1||||||XX|1952303547~NM1|TT|2|TX HEALTH & HUMAN SERVICES COMMI|||||PI|70051~MOA|||MA01|MA07~DTM|050|20150513~SVC|HC^99334|70|39.92||1~DTM|472|20150330~CAS|CO|45|18.31||237|.78||253|.81~CAS|PR|2|10.18~REF|LU|33~REF|6R|1448489869Z1~AMT|B6|50.91~LQ|HE|N699~CLP|243-119|19|222|127.7|32.58|MB|2915133144230|33|1~NM1|QC|1|RUBIO|ROBERT||||HN|456449295A~NM1|82|1||||||XX|1952303547~NM1|TT|2|TX HEALTH & HUMAN SERVICES COMMI|||||PI|70051~MOA|||MA01|MA07~DTM|050|20150513~SVC|HC^99337|222|127.7||1~DTM|472|20150330~CAS|CO|45|56.63||237|2.48||253|2.61~CAS|PR|2|32.58~REF|LU|33~REF|6R|1448489883Z1~AMT|B6|162.89~LQ|HE|N699~CLP|3503-137|19|104|71.12|18.14|MB|2915133144370|32|1~NM1|QC|1|RYLANDER|RICHARD||||HN|435661924A~NM1|82|1||||||XX|1962447805~NM1|TT|2|TX HEALTH & HUMAN SERVICES COMMI|||||PI|70051~MOA|||MA01|MA07~DTM|050|20150513~SVC|HC^99309|104|71.12||1~DTM|472|20150326~CAS|CO|45|11.91||237|1.38||253|1.45~CAS|PR|2|18.14~REF|LU|32~REF|6R|1448494343Z1~AMT|B6|90.71~LQ|HE|N699~CLP|5113-126|19|122|82.19|20.96|MB|2915133144280|32|1~NM1|QC|1|SMITH|KAREN||||HN|464080734A~NM1|82|1||||||XX|1962447805~NM1|TT|2|TX HEALTH & HUMAN SERVICES COMMI|||||PI|70051~MOA|||MA01|MA07~DTM|050|20150513~SVC|HC^99309^25|104|71.12||1~DTM|472|20150323~CAS|CO|45|11.91||237|1.38||253|1.45~CAS|PR|2|18.14~REF|LU|32~REF|6R|1448494328Z1~AMT|B6|90.71~LQ|HE|N699~SVC|HC^99406|18|11.07||1~DTM|472|20150323~CAS|CO|45|3.66||237|.22||253|.23~CAS|PR|2|2.82~REF|LU|32~REF|6R|1448494328Z2~AMT|B6|14.12~LQ|HE|N699~CLP|726-127|19|122|80.79|20.61|MB|2915133144290|31|1~NM1|QC|1|THOMAS|JIMMIE M||||HN|427101367D~NM1|82|1||||||XX|1962447805~NM1|TT|2|TX HEALTH & HUMAN SERVICES COMMI|||||PI|70051~MOA|||MA01|MA07~DTM|050|20150513~SVC|HC^99309^25|104|71.12||1~DTM|472|20150323~CAS|CO|45|11.91||237|1.38||253|1.45~CAS|PR|2|18.14~REF|LU|31~REF|6R|1448494329Z1~AMT|B6|90.71~LQ|HE|N699~SVC|HC^99406|18|9.67||1~DTM|472|20150323~CAS|CO|45|5.47||237|.19||253|.2~CAS|PR|2|2.47~REF|LU|31~REF|6R|1448494329Z2~AMT|B6|12.34~LQ|HE|N535~LQ|HE|N699~CLP|1027-136|19|104|71.12|18.14|MB|2915133144360|32|1~NM1|QC|1|THORNTON|ARWILDER||||HN|457072991C1~NM1|82|1||||||XX|1962447805~NM1|TT|2|TX HEALTH & HUMAN SERVICES COMMI|||||PI|70051~MOA|||MA01|MA07~DTM|050|20150513~SVC|HC^99309^GW|104|71.12||1~DTM|472|20150326~CAS|CO|45|11.91||237|1.38||253|1.45~CAS|PR|2|18.14~REF|LU|32~REF|6R|1448494342Z1~AMT|B6|90.71~LQ|HE|N699~SE|277|0002~GE|2|92~IEA|1|000000092~