ISA|00|          |00|          |ZZ|ZIRMED         |30|611340767      |150907|0442|U|00401|000001308|0|P|^~GS|HP|ZIRMED|611340767|20150907|0442|1303|X|004010X091A1~ST|835|0001~BPR|H|0|C|NON||||||||||||20150907~TRN|1|915250300001933|1066033492~REF|EV|611340767~DTM|405|20150907~N1|PR|AETNA~N3|151 FARMINGTON AVENUE~N4|HARTFORD|CT|06156~N1|PE|KETHA, SUMANA|XX|1063835361~N3|2925 SKYWAY CIR N~N4|IRVING|TX|750383510~REF|PQ|762610840~REF|TJ|464596718~LX|1~TS3|1063835361|11|20151231|1|450~CLP|3830-3696|1|450|0|365.1|13|EJABPFNZV0000|11|1~NM1|QC|1|CHALLAKONDA|PRASAD||||MI|W176902459~NM1|74|1|GUNTUR|AKHILA~NM1|82|1|KETHA|SUMANA||||XX|1063835361~REF|1L|0476696-022-00001-JD~REF|CE|AEXCEL  PLUS AETNA CHOICE  POS II NET 00338~DTM|232|20150625~DTM|233|20150625~DTM|050|20150901~PER|CX||TE|8886323862~AMT|AU|450~SVC|HC^99213^25|88|0||1~DTM|472|20150625~CAS|CO|45|2.15~CAS|PR|1|85.85~REF|6R|1542031249Z1~AMT|B6|85.85~SVC|HC^95923|252|0||1~DTM|472|20150625~CAS|CO|45|72.11~CAS|PR|1|179.89~REF|6R|1542031249Z2~AMT|B6|179.89~SVC|HC^95921|110|0||1~DTM|472|20150625~CAS|CO|45|10.64~CAS|PR|1|99.36~REF|6R|1542031249Z3~AMT|B6|99.36~SE|45|0001~GE|1|1303~IEA|1|000001308~