ISA|00|          |00|          |ZZ|ZIRMED         |29|E12705         |150127|0647|U|00401|000000489|0|P|^~GS|HP|ZIRMED|E12705|20150127|0647|484|X|004010X091A1~ST|835|0001~BPR|H|0|C|NON||||||||||||20150127~TRN|1|458596422|1205296137~REF|EV|E12705~DTM|405|20150126~N1|PR|NOVITAS SOLUTIONS, INC.~N3|PO BOX 3110~N4|MECHANICSBURG|PA|170551826~REF|2U|04412~PER|CX||TE|8552528782~N1|PE|DFW GERIATRICS PLLC|XX|1063835361~N3|2925 SKYWAY CIRCLE NORTH~N4|IRVING|TX|750383510~REF|TJ|464596718~LX|1~CLP|327-1754|19|104|0|87.49|MB|2815020799390|31|1~NM1|QC|1|HYDE|MARY|E|||HN|441036732D~NM1|82|1||||||XX|1962447805~NM1|TT|2|WPS - TRICARE FOR LIFE|||||PI|60000~MOA|||MA01|MA18~DTM|050|20150120~SVC|HC^99309|104|0||1~DTM|472|20150102~CAS|CO|45|16.51~CAS|PR|1|87.49~REF|LU|31~REF|6R|1349234395Z1~AMT|B6|87.49~CLP|280-1239|1|155|0||MB|2914357082620|31|1~NM1|QC|1|SANDERS|PEGGY||||HN|412622112A~NM1|82|1||||||XX|1962447805~NM1|PR|2|PACIFICARE OF TEXAS|||||PI|H4590~MOA|||MA01~DTM|050|20141223~SVC|HC^99310|155|0||||1~DTM|472|20141027~CAS|CO|109|155~REF|LU|31~REF|6R|1327941107Z1~SE|40|0001~ST|835|0002~BPR|I|5448.61|C|ACH|CCP|01|081517693|DA|152302017594|1205296137||01|111000025|DA|488038453432|20150127~TRN|1|889450172|1205296137~REF|EV|E12705~DTM|405|20150126~N1|PR|NOVITAS SOLUTIONS, INC.~N3|PO BOX 3110~N4|MECHANICSBURG|PA|170551826~REF|2U|04412~PER|CX||TE|8552528782~N1|PE|DFW GERIATRICS PLLC|XX|1063835361~N3|2925 SKYWAY CIRCLE NORTH~N4|IRVING|TX|750383510~REF|TJ|464596718~LX|1~CLP|270-1707|19|79|51.8|13.21|MB|2815013175340|31|1~NM1|QC|1|AMEZCUA|MARTHA||||HN|353488101D~NM1|82|1||||||XX|1962447805~NM1|TT|2|TX HEALTH & HUMAN SERVICES COMMI|||||PI|70051~MOA|||MA01|MA07~DTM|050|20150113~SVC|HC^99308|79|51.8||1~DTM|472|20141219~CAS|CO|45|12.93||253|1.06~CAS|PR|2|13.21~REF|LU|31~REF|6R|1344073437Z1~AMT|B6|66.07~CLP|270-1706|19|79|51.8|13.21|MB|2815013175510|31|1~NM1|QC|1|AMEZCUA|MARTHA||||HN|353488101D~NM1|82|1||||||XX|1962447805~NM1|TT|2|TX HEALTH & HUMAN SERVICES COMMI|||||PI|70051~MOA|||MA01|MA07~DTM|050|20150113~SVC|HC^99308|79|51.8||1~DTM|472|20141211~CAS|CO|45|12.93||253|1.06~CAS|PR|2|13.21~REF|LU|31~REF|6R|1344073867Z1~AMT|B6|66.07~CLP|270-1798|19|104|61.06|15.58|MB|2815013175700|31|1~NM1|QC|1|AMEZCUA|MARTHA||||HN|353488101D~NM1|82|1||||||XX|1952303547~NM1|TT|2|TX HEALTH & HUMAN SERVICES COMMI|||||PI|70051~MOA|||MA01|MA07~DTM|050|20150113~SVC|HC^99309|104|61.06||1~DTM|472|20141215~CAS|CO|45|26.11||253|1.25~CAS|PR|2|15.58~REF|LU|31~REF|6R|1344073887Z1~AMT|B6|77.89~CLP|27-1647|1|51|33.58|8.57|MB|2815013814930|31|1~NM1|QC|1|ANDERSON|ROY|B|||HN|449190079A~NM1|82|1||||||XX|1962447805~MOA|||MA01~DTM|050|20150113~SVC|HC^99307|51|33.58||1~DTM|472|20140618~CAS|CO|45|8.16||253|.69~CAS|PR|2|8.57~REF|LU|31~REF|6R|1344363745Z1~AMT|B6|42.84~CLP|7-1671|19|104|68.25|17.41|MB|2815013175810|32|1~NM1|QC|1|BACCUS|MARILYN|D|||HN|466179221T~NM1|82|1||||||XX|1962447805~NM1|TT|2|TX HEALTH & HUMAN SERVICES COMMI|||||PI|70051~MOA|||MA01|MA07~DTM|050|20150113~SVC|HC^99309|104|68.25||1~DTM|472|20141205~CAS|CO|45|16.95||253|1.39~CAS|PR|2|17.41~REF|LU|32~REF|6R|1344075132Z1~AMT|B6|87.05~CLP|279-1825|1|104|61.06|15.58|MB|2815013175460|31|1~NM1|QC|1|BANNER|JOSEPHINE|M|||HN|575283550A~NM1|82|1||||||XX|1952303547~MOA|||MA01~DTM|050|20150113~SVC|HC^99309|104|61.06||1~DTM|472|20141218~CAS|CO|45|26.11||253|1.25~CAS|PR|2|15.58~REF|LU|31~REF|6R|1344073449Z1~AMT|B6|77.89~CLP|279-1718|1|208|68.25|17.41|MB|2815013175560|31|1~NM1|QC|1|BANNER|JOSEPHINE|M|||HN|575283550A~NM1|82|1||||||XX|1962447805~MOA|||MA01~DTM|050|20150113~SVC|HC^99309|104|68.25||1||2~DTM|472|20141211~CAS|CO|45|16.95||253|1.39~CAS|PR|2|17.41~REF|LU|31~REF|6R|1344073873Z1~AMT|B6|87.05~SVC|HC^99309|104|0||||2~DTM|472|20141211~CAS|OA|18|104~REF|LU|31~REF|6R|1344073873Z1~LQ|HE|N522~CLP|51-1650|19|104|68.25|17.41|MB|2815013815040|31|1~NM1|QC|1|BARKER|TOSHIKO||||HN|576282028A~NM1|82|1||||||XX|1962447805~NM1|TT|2|UNITED AMERICAN INSURANCE CO|||||PI|30034~MOA|||MA01|MA27|MA18~DTM|050|20150113~SVC|HC^99309|104|68.25||1~DTM|472|20140731~CAS|CO|45|16.95||253|1.39~CAS|PR|2|17.41~REF|LU|31~REF|6R|1344411244Z1~AMT|B6|87.05~CLP|137-1643|19|193|126.15|32.18|MB|2815013175750|31|1~NM1|QC|1|BARNETT|JERRELL|A|||HN|466441735A~NM1|82|1||||||XX|1962447805~NM1|TT|2|TX HEALTH & HUMAN SERVICES COMMI|||||PI|70051~MOA|||MA01|MA07~DTM|050|20150113~SVC|HC^99306|193|126.15||1~DTM|472|20141204~CAS|CO|45|32.1||253|2.57~CAS|PR|2|32.18~REF|LU|31~REF|6R|1344075125Z1~AMT|B6|160.9~CLP|278-1804|19|104|61.06|15.58|MB|2815013175400|31|1~NM1|QC|1|BARNETT|WALTER|L|||HN|458342969A~NM1|82|1||||||XX|1952303547~NM1|TT|2|SIERRA HEALTH & LIFE INSURANCE C|||||PI|30096~MOA|||MA01|MA18~DTM|050|20150113~SVC|HC^99309|104|61.06||1~DTM|472|20141218~CAS|CO|45|26.11||253|1.25~CAS|PR|2|15.58~REF|LU|31~REF|6R|1344073443Z1~AMT|B6|77.89~CLP|278-1708|19|79|51.8|13.21|MB|2815013175530|31|1~NM1|QC|1|BARNETT|WALTER|L|||HN|458342969A~NM1|82|1||||||XX|1962447805~NM1|TT|2|SIERRA HEALTH & LIFE INSURANCE C|||||PI|30096~MOA|||MA01|MA18~DTM|050|20150113~SVC|HC^99308|79|51.8||1~DTM|472|20141211~CAS|CO|45|12.93||253|1.06~CAS|PR|2|13.21~REF|LU|31~REF|6R|1344073869Z1~AMT|B6|66.07~CLP|241-1686|19|79|51.8|13.21|MB|2815013814700|31|1~NM1|QC|1|BASS|GARLAND||||HN|430805508A~NM1|82|1||||||XX|1962447805~NM1|TT|2|TX HEALTH & HUMAN SERVICES COMMI|||||PI|70051~MOA|||MA01|MA07~DTM|050|20150113~SVC|HC^99308|79|51.8||1~DTM|472|20140805~CAS|CO|45|12.93||253|1.06~CAS|PR|2|13.21~REF|LU|31~REF|6R|1344305125Z1~AMT|B6|66.07~CLP|241-1685|19|79|51.8|13.21|MB|2815013815120|31|1~NM1|QC|1|BASS|GARLAND||||HN|430805508A~NM1|82|1||||||XX|1962447805~NM1|TT|2|TX HEALTH & HUMAN SERVICES COMMI|||||PI|70051~MOA|||MA01|MA07~DTM|050|20150113~SVC|HC^99308|79|51.8||1~DTM|472|20140723~CAS|CO|45|12.93||253|1.06~CAS|PR|2|13.21~REF|LU|31~REF|6R|1344411256Z1~AMT|B6|66.07~CLP|10-1749|19|104|68.25|17.41|MB|2815013814840|32|1~NM1|QC|1|BENNETT|HARRAL||||HN|450600318A~NM1|82|1||||||XX|1962447805~NM1|TT|2|TX HEALTH & HUMAN SERVICES COMMI|||||PI|70051~MOA|||MA01|MA07~DTM|050|20150113~SVC|HC^99309|104|68.25||1~DTM|472|20140811~CAS|CO|45|16.95||253|1.39~CAS|PR|2|17.41~REF|LU|32~REF|6R|1344340169Z1~AMT|B6|87.05~CLP|36-1646|19|51|33.58|8.57|MB|2815013814910|31|1~NM1|QC|1|BRADY|SHIRLEY|F|||HN|462036029D~NM1|82|1||||||XX|1962447805~NM1|TT|2|SIERRA HEALTH & LIFE INSURANCE C|||||PI|30096~MOA|||MA01|MA18~DTM|050|20150113~SVC|HC^99307|51|33.58||1~DTM|472|20140618~CAS|CO|45|8.16||253|.69~CAS|PR|2|8.57~REF|LU|31~REF|6R|1344363743Z1~AMT|B6|42.84~CLP|296-1701|19|79|51.8|13.21|MB|2815013175330|31|1~NM1|QC|1|BRUHIN|GEROGIA||||HN|451221720A~NM1|82|1||||||XX|1962447805~NM1|TT|2|UNITEDHEALTH GROUP|||||PI|30002~MOA|||MA01|MA18~DTM|050|20150113~SVC|HC^99308|79|51.8||1~DTM|472|20141219~CAS|CO|45|12.93||253|1.06~CAS|PR|2|13.21~REF|LU|31~REF|6R|1344073436Z1~AMT|B6|66.07~CLP|296-1699|19|79|51.8|13.21|MB|2815013175490|31|1~NM1|QC|1|BRUHIN|GEROGIA||||HN|451221720A~NM1|82|1||||||XX|1962447805~NM1|TT|2|UNITEDHEALTH GROUP|||||PI|30002~MOA|||MA01|MA18~DTM|050|20150113~SVC|HC^99308|79|51.8||1~DTM|472|20141211~CAS|CO|45|12.93||253|1.06~CAS|PR|2|13.21~REF|LU|31~REF|6R|1344073865Z1~AMT|B6|66.07~CLP|296-1793|19|104|61.06|15.58|MB|2815013175870|31|1~NM1|QC|1|BRUHIN|GEROGIA||||HN|451221720A~NM1|82|1||||||XX|1952303547~NM1|TT|2|UNITEDHEALTH GROUP|||||PI|30002~MOA|||MA01|MA18~DTM|050|20150113~SVC|HC^99309|104|61.06||1~DTM|472|20141205~CAS|CO|45|26.11||253|1.25~CAS|PR|2|15.58~REF|LU|31~REF|6R|1344075138Z1~AMT|B6|77.89~CLP|16-1748|19|104|68.25|17.41|MB|2815013814830|32|1~NM1|QC|1|BURCHETT|JAMES||||HN|456441264A~NM1|82|1||||||XX|1962447805~NM1|TT|2|TX HEALTH & HUMAN SERVICES COMMI|||||PI|70051~MOA|||MA01|MA07~DTM|050|20150113~SVC|HC^99309|104|68.25||1~DTM|472|20140808~CAS|CO|45|16.95||253|1.39~CAS|PR|2|17.41~REF|LU|32~REF|6R|1344340168Z1~AMT|B6|87.05~CLP|80-1747|19|104|68.25|17.41|MB|2815013814820|32|1~NM1|QC|1|CAMPBELL|BENNIE||||HN|452629794A~NM1|82|1||||||XX|1962447805~NM1|TT|2|TX HEALTH & HUMAN SERVICES COMMI|||||PI|70051~MOA|||MA01|MA07~DTM|050|20150113~SVC|HC^99309|104|68.25||1~DTM|472|20140808~CAS|CO|45|16.95||253|1.39~CAS|PR|2|17.41~REF|LU|32~REF|6R|1344340166Z1~AMT|B6|87.05~CLP|341-1822|19|155|90.82|23.17|MB|2815013175710|31|1~NM1|QC|1|CARMON|JERRY||||HN|447407431A~NM1|82|1||||||XX|1952303547~NM1|TT|2|GUARANTEE TRUST LIFE INS CO|||||PI|30338~MOA|||MA01|MA18~DTM|050|20150113~SVC|HC^99310|155|90.82||1~DTM|472|20141215~CAS|CO|45|39.16||253|1.85~CAS|PR|2|23.17~REF|LU|31~REF|6R|1344073889Z1~AMT|B6|115.84~CLP|332-1801|19|155|90.82|23.17|MB|2815013175370|31|1~NM1|QC|1|CARR|BILLIE|J|||HN|410241976D~NM1|82|1||||||XX|1952303547~NM1|TT|2|UNITEDHEALTH GROUP|||||PI|30002~MOA|||MA01|MA18~DTM|050|20150113~SVC|HC^99310|155|90.82||1~DTM|472|20141218~CAS|CO|45|39.16||253|1.85~CAS|PR|2|23.17~REF|LU|31~REF|6R|1344073440Z1~AMT|B6|115.84~CLP|229-1661|19|79|51.8|13.21|MB|2815013814660|31|1~NM1|QC|1|CATALANO|MARY|D|||HN|276284634A~NM1|82|1||||||XX|1962447805~NM1|TT|2|BCBS OF MICHIGAN|||||PI|00055~MOA|||MA01|MA18~DTM|050|20150113~SVC|HC^99308|79|51.8||1~DTM|472|20140807~CAS|CO|45|12.93||253|1.06~CAS|PR|2|13.21~REF|LU|31~REF|6R|1344305121Z1~AMT|B6|66.07~CLP|298-1805|1|104|61.06|15.58|MB|2815013175410|31|1~NM1|QC|1|COX|DOROTHY||||HN|451013622D~NM1|82|1||||||XX|1952303547~MOA|||MA01~DTM|050|20150113~SVC|HC^99309|104|61.06||1~DTM|472|20141218~CAS|CO|45|26.11||253|1.25~CAS|PR|2|15.58~REF|LU|31~REF|6R|1344073444Z1~AMT|B6|77.89~CLP|298-1702|1|79|51.8|13.21|MB|2815013175500|31|1~NM1|QC|1|COX|DOROTHY||||HN|451013622D~NM1|82|1||||||XX|1962447805~MOA|||MA01~DTM|050|20150113~SVC|HC^99308|79|51.8||1~DTM|472|20141211~CAS|CO|45|12.93||253|1.06~CAS|PR|2|13.21~REF|LU|31~REF|6R|1344073866Z1~AMT|B6|66.07~CLP|12-1823|19|79|51.8|13.21|MB|2815013814730|31|1~NM1|QC|1|DIGGLES|BERNICE||||HN|452922584A~NM1|82|1||||||XX|1962447805~NM1|TT|2|TX HEALTH & HUMAN SERVICES COMMI|||||PI|70051~MOA|||MA01|MA07~DTM|050|20150113~SVC|HC^99308|79|51.8||1~DTM|472|20140807~CAS|CO|45|12.93||253|1.06~CAS|PR|2|13.21~REF|LU|31~REF|6R|1344305128Z1~AMT|B6|66.07~CLP|337-1821|1|155|90.82|23.17|MB|2815013175720|31|1~NM1|QC|1|DUGIN|KENNETH|F|||HN|429584270A~NM1|82|1||||||XX|1952303547~MOA|||MA01|MA27~DTM|050|20150113~SVC|HC^99310|155|90.82||1~DTM|472|20141215~CAS|CO|45|39.16||253|1.85~CAS|PR|2|23.17~REF|LU|31~REF|6R|1344074367Z1~AMT|B6|115.84~CLP|251-1670|1|79|51.8|13.21|MB|2815013175800|32|1~NM1|QC|1|DURHAM|EMANUEL||||HN|454787983A~NM1|82|1||||||XX|1962447805~MOA|||MA01~DTM|050|20150113~SVC|HC^99308|79|51.8||1~DTM|472|20141205~CAS|CO|45|12.93||253|1.06~CAS|PR|2|13.21~REF|LU|32~REF|6R|1344075131Z1~AMT|B6|66.07~CLP|191-1662|19|104|68.25|17.41|MB|2815013814670|31|1~NM1|QC|1|FERNANDES|ALEYKUTTY|H|||HN|456233322A~NM1|82|1||||||XX|1962447805~NM1|TT|2|MUTUAL OF OMAHA INSURANCE COMP|||||PI|30090~MOA|||MA01|MA18~DTM|050|20150113~SVC|HC^99309|104|68.25||1~DTM|472|20140807~CAS|CO|45|16.95||253|1.39~CAS|PR|2|17.41~REF|LU|31~REF|6R|1344305122Z1~AMT|B6|87.05~CLP|127-1744|19|104|68.25|17.41|MB|2815013814800|32|1~NM1|QC|1|GALIMORE|FELIXD||||HN|439522668A~NM1|82|1||||||XX|1962447805~NM1|TT|2|TX HEALTH & HUMAN SERVICES COMMI|||||PI|70051~MOA|||MA01|MA07~DTM|050|20150113~SVC|HC^99309|104|68.25||1~DTM|472|20140808~CAS|CO|45|16.95||253|1.39~CAS|PR|2|17.41~REF|LU|32~REF|6R|1344340163Z1~AMT|B6|87.05~CLP|129-1741|19|104|68.25|17.41|MB|2815013814790|32|1~NM1|QC|1|GARN|JAMES|F|||HN|467240006A~NM1|82|1||||||XX|1962447805~NM1|TT|2|TX HEALTH & HUMAN SERVICES COMMI|||||PI|70051~MOA|||MA01|MA07~DTM|050|20150113~SVC|HC^99309|104|68.25||1~DTM|472|20140808~CAS|CO|45|16.95||253|1.39~CAS|PR|2|17.41~REF|LU|32~REF|6R|1344340161Z1~AMT|B6|87.05~CLP|61-1735|19|51|33.58|8.57|MB|2815013814980|31|1~NM1|QC|1|GEER|VIRGINIA|L|||HN|449448951D~NM1|82|1||||||XX|1962447805~NM1|TT|2|SIERRA HEALTH & LIFE INSURANCE C|||||PI|30096~MOA|||MA01|MA18~DTM|050|20150113~SVC|HC^99307|51|33.58||1~DTM|472|20140610~CAS|CO|45|8.16||253|.69~CAS|PR|2|8.57~REF|LU|31~REF|6R|1344363755Z1~AMT|B6|42.84~CLP|258-1712|19|104|68.25|17.41|MB|2815013175730|31|1~NM1|QC|1|HARGIS|VIRGINA|R|||HN|311209792D~NM1|82|1||||||XX|1962447805~NM1|TT|2|AMERICAN REPUBLIC INSURANCE CO|||||PI|30176~MOA|||MA01|MA18~DTM|050|20150113~SVC|HC^99309|104|68.25||1~DTM|472|20141211~CAS|CO|45|16.95||253|1.39~CAS|PR|2|17.41~REF|LU|31~REF|6R|1344074418Z1~AMT|B6|87.05~CLP|135-1652|19|79|51.8|13.21|MB|2815013815050|31|1~NM1|QC|1|HEAD|JEANNE||||HN|560325163A~NM1|82|1||||||XX|1962447805~NM1|TT|2|HCSC-BCBS OF TX-OTHER B ONLY|||||PI|00044~MOA|||MA01|MA18~DTM|050|20150113~SVC|HC^99308|79|51.8||1~DTM|472|20140731~CAS|CO|45|12.93||253|1.06~CAS|PR|2|13.21~REF|LU|31~REF|6R|1344411246Z1~AMT|B6|66.07~CLP|11-1820|19|79|51.8|13.21|MB|2815013814890|31|1~NM1|QC|1|HOCHMUTH|BERNICE|D|||HN|106201099A~NM1|82|1||||||XX|1962447805~NM1|TT|2|TX HEALTH & HUMAN SERVICES COMMI|||||PI|70051~MOA|||MA01|MA07~DTM|050|20150113~SVC|HC^99308|79|51.8||1~DTM|472|20140807~CAS|CO|45|12.93||253|1.06~CAS|PR|2|13.21~REF|LU|31~REF|6R|1344353512Z1~AMT|B6|66.07~CLP|53-1668|19|104|68.25|17.41|MB|2815013175790|32|1~NM1|QC|1|HOLLAND|TRUDY||||HN|465045111A~NM1|82|1||||||XX|1962447805~NM1|TT|2|TX HEALTH & HUMAN SERVICES COMMI|||||PI|70051~MOA|||MA01|MA07~DTM|050|20150113~SVC|HC^99309|104|68.25||1~DTM|472|20141205~CAS|CO|45|16.95||253|1.39~CAS|PR|2|17.41~REF|LU|32~REF|6R|1344075130Z1~AMT|B6|87.05~CLP|226-1667|19|79|51.8|13.21|MB|2815013175780|32|1~NM1|QC|1|HOUSE|MELVIN||||HN|271329525A~NM1|82|1||||||XX|1962447805~NM1|TT|2|TX HEALTH & HUMAN SERVICES COMMI|||||PI|70051~MOA|||MA01|MA07~DTM|050|20150113~SVC|HC^99308|79|51.8||1~DTM|472|20141205~CAS|CO|45|12.93||253|1.06~CAS|PR|2|13.21~REF|LU|32~REF|6R|1344075129Z1~AMT|B6|66.07~CLP|272-1730|19|155|101.51|25.89|MB|2815013175600|31|1~NM1|QC|1|HUCKABEE|CHARLES||||HN|461347627A~NM1|82|1||||||XX|1962447805~NM1|TT|2|AETNA, INC.|||||PI|00060~MOA|||MA01|MA18~DTM|050|20150113~SVC|HC^99310|155|101.51||1~DTM|472|20141211~CAS|CO|45|25.53||253|2.07~CAS|PR|2|25.89~REF|LU|31~REF|6R|1344073877Z1~AMT|B6|129.47~CLP|327-1693|19|193|126.15|32.18|MB|2815013175480|31|1~NM1|QC|1|HYDE|MARY|E|||HN|441036732D~NM1|82|1||||||XX|1962447805~NM1|TT|2|WPS - TRICARE FOR LIFE|||||PI|60000~MOA|||MA01|MA18~DTM|050|20150113~SVC|HC^99306|193|126.15||1~DTM|472|20141211~CAS|CO|45|32.1||253|2.57~CAS|PR|2|32.18~REF|LU|31~REF|6R|1344073864Z1~AMT|B6|160.9~CLP|327-1791|19|155|90.82|23.17|MB|2815013175660|31|1~NM1|QC|1|HYDE|MARY|E|||HN|441036732D~NM1|82|1||||||XX|1952303547~NM1|TT|2|WPS - TRICARE FOR LIFE|||||PI|60000~MOA|||MA01|MA18~DTM|050|20150113~SVC|HC^99310|155|90.82||1~DTM|472|20141215~CAS|CO|45|39.16||253|1.85~CAS|PR|2|23.17~REF|LU|31~REF|6R|1344073883Z1~AMT|B6|115.84~CLP|218-1660|19|79|51.8|13.21|MB|2815013815090|31|1~NM1|QC|1|JEFFREY|JOHN|G|||HN|450546301A~NM1|82|1||||||XX|1962447805~NM1|TT|2|WPS - TRICARE FOR LIFE|||||PI|60000~MOA|||MA01|MA18~DTM|050|20150113~SVC|HC^99308|79|51.8||1~DTM|472|20140731~CAS|CO|45|12.93||253|1.06~CAS|PR|2|13.21~REF|LU|31~REF|6R|1344411253Z1~AMT|B6|66.07~CLP|143-1666|19|79|51.8|13.21|MB|2815013175770|32|1~NM1|QC|1|JOHNSON|GEORGIA||||HN|360420759M~NM1|82|1||||||XX|1962447805~NM1|TT|2|TX HEALTH & HUMAN SERVICES COMMI|||||PI|70051~MOA|||MA01|MA07~DTM|050|20150113~SVC|HC^99308|79|51.8||1~DTM|472|20141205~CAS|CO|45|12.93||253|1.06~CAS|PR|2|13.21~REF|LU|32~REF|6R|1344075128Z1~AMT|B6|66.07~CLP|207-1773|19|222|129.81|33.11|MB|2815013175630|33|1~NM1|QC|1|JOHNSON|ROSEMARY|R|||HN|462149741A~NM1|82|1||||||XX|1952303547~NM1|TT|2|UNITEDHEALTH GROUP|||||PI|30002~MOA|||MA01|MA18~DTM|050|20150113~SVC|HC^99337|222|129.81||1~DTM|472|20141215~CAS|CO|45|56.43||253|2.65~CAS|PR|2|33.11~REF|LU|33~REF|6R|1344073880Z1~AMT|B6|165.57~CLP|59-1658|19|79|51.8|13.21|MB|2815013815110|31|1~NM1|QC|1|KEILSON|GERALD|R|||HN|462301721A~NM1|82|1||||||XX|1962447805~NM1|TT|2|AMA INSURANCE AGENCY, INC.|||||PI|30150~MOA|||MA01|MA18~DTM|050|20150113~SVC|HC^99308|79|51.8||1~DTM|472|20140731~CAS|CO|45|12.93||253|1.06~CAS|PR|2|13.21~REF|LU|31~REF|6R|1344411255Z1~AMT|B6|66.07~CLP|125-1653|19|104|68.25|17.41|MB|2815013815060|31|1~NM1|QC|1|MAYKUS|FRANK|J|||HN|465480358A~NM1|82|1||||||XX|1962447805~NM1|TT|2|AMERICAN CONTINENTAL INSU.|||||PI|30074~MOA|||MA01|MA18~DTM|050|20150113~SVC|HC^99309|104|68.25||1~DTM|472|20140731~CAS|CO|45|16.95||253|1.39~CAS|PR|2|17.41~REF|LU|31~REF|6R|1344411247Z1~AMT|B6|87.05~CLP|328-1789|1|104|61.06|15.58|MB|2815013175650|31|1~NM1|QC|1|MCCLENTON|LEWIS||||HN|449248748A~NM1|82|1||||||XX|1952303547~MOA|||MA01~DTM|050|20150113~SVC|HC^99309|104|61.06||1~DTM|472|20141215~CAS|CO|45|26.11||253|1.25~CAS|PR|2|15.58~REF|LU|31~REF|6R|1344073882Z1~AMT|B6|77.89~CLP|204-1663|19|104|68.25|17.41|MB|2815013814680|31|1~NM1|QC|1|MCCLURG|MARY|A|||HN|453329543A~NM1|82|1||||||XX|1962447805~NM1|TT|2|HCSC-BCBS OF TX-FEP B ONLY|||||PI|80012~MOA|||MA01|MA18~DTM|050|20150113~SVC|HC^99309|104|68.25||1~DTM|472|20140807~CAS|CO|45|16.95||253|1.39~CAS|PR|2|17.41~REF|LU|31~REF|6R|1344305123Z1~AMT|B6|87.05~CLP|325-1684|19|79|51.8|13.21|MB|2815013814940|31|1~NM1|QC|1|MCNEELY|PEGGY||||HN|454266376D~NM1|82|1||||||XX|1962447805~NM1|TT|2|AETNA, INC.|||||PI|00060~MOA|||MA01|MA18~DTM|050|20150113~SVC|HC^99308|79|51.8||1~DTM|472|20140606~CAS|CO|45|12.93||253|1.06~CAS|PR|2|13.21~REF|LU|31~REF|6R|1344363746Z1~AMT|B6|66.07~CLP|214-1803|19|104|61.06|15.58|MB|2815013175390|31|1~NM1|QC|1|MILLER|WILLIAM|C|||HN|458344463A~NM1|82|1||||||XX|1952303547~NM1|TT|2|AETNA, INC.|||||PI|00060~MOA|||MA01|MA18~DTM|050|20150113~SVC|HC^99309|104|61.06||1~DTM|472|20141218~CAS|CO|45|26.11||253|1.25~CAS|PR|2|15.58~REF|LU|31~REF|6R|1344073442Z1~AMT|B6|77.89~CLP|214-1705|19|79|51.8|13.21|MB|2815013175520|31|1~NM1|QC|1|MILLER|WILLIAM|C|||HN|458344463A~NM1|82|1||||||XX|1962447805~NM1|TT|2|AETNA, INC.|||||PI|00060~MOA|||MA01|MA18~DTM|050|20150113~SVC|HC^99308|79|51.8||1~DTM|472|20141211~CAS|CO|45|12.93||253|1.06~CAS|PR|2|13.21~REF|LU|31~REF|6R|1344073868Z1~AMT|B6|66.07~CLP|214-1796|19|104|61.06|15.58|MB|2815013175680|31|1~NM1|QC|1|MILLER|WILLIAM|C|||HN|458344463A~NM1|82|1||||||XX|1952303547~NM1|TT|2|AETNA, INC.|||||PI|00060~MOA|||MA01|MA18~DTM|050|20150113~SVC|HC^99309|104|61.06||1~DTM|472|20141215~CAS|CO|45|26.11||253|1.25~CAS|PR|2|15.58~REF|LU|31~REF|6R|1344073885Z1~AMT|B6|77.89~CLP|214-1636|19|104|68.25|17.41|MB|2815013175740|31|1~NM1|QC|1|MILLER|WILLIAM|C|||HN|458344463A~NM1|82|1||||||XX|1962447805~NM1|TT|2|AETNA, INC.|||||PI|00060~MOA|||MA01|MA18~DTM|050|20150113~SVC|HC^99309|104|68.25||1~DTM|472|20141204~CAS|CO|45|16.95||253|1.39~CAS|PR|2|17.41~REF|LU|31~REF|6R|1344075124Z1~AMT|B6|87.05~CLP|173-1740|19|104|68.25|17.41|MB|2815013814770|32|1~NM1|QC|1|MITCHELL|CARL|W|||HN|449686350A~NM1|82|1||||||XX|1962447805~NM1|TT|2|TX HEALTH & HUMAN SERVICES COMMI|||||PI|70051~MOA|||MA01|MA07~DTM|050|20150113~SVC|HC^99309|104|68.25||1~DTM|472|20140808~CAS|CO|45|16.95||253|1.39~CAS|PR|2|17.41~REF|LU|32~REF|6R|1344340159Z1~AMT|B6|87.05~CLP|17-1734|19|51|33.58|8.57|MB|2815013814970|31|1~NM1|QC|1|MITCHELL|RALPH|C|||HN|304328378A~NM1|82|1||||||XX|1962447805~NM1|TT|2|COLONIAL PENN LIFE INSURANCE CO|||||PI|30326~MOA|||MA01|MA18~DTM|050|20150113~SVC|HC^99307|51|33.58||1~DTM|472|20140610~CAS|CO|45|8.16||253|.69~CAS|PR|2|8.57~REF|LU|31~REF|6R|1344363753Z1~AMT|B6|42.84~CLP|17-1655|19|79|51.8|13.21|MB|2815013815070|31|1~NM1|QC|1|MITCHELL|RALPH|C|||HN|304328378A~NM1|82|1||||||XX|1962447805~NM1|TT|2|COLONIAL PENN LIFE INSURANCE CO|||||PI|30326~MOA|||MA01|MA18~DTM|050|20150113~SVC|HC^99308|79|51.8||1~DTM|472|20140731~CAS|CO|45|12.93||253|1.06~CAS|PR|2|13.21~REF|LU|31~REF|6R|1344411249Z1~AMT|B6|66.07~CLP|262-1799|1|104|61.06|15.58|MB|2815013175360|31|1~NM1|QC|1|MIZELL|BETTY|C|||HN|456521535A~NM1|82|1||||||XX|1952303547~MOA|||MA01~DTM|050|20150113~SVC|HC^99309|104|61.06||1~DTM|472|20141218~CAS|CO|45|26.11||253|1.25~CAS|PR|2|15.58~REF|LU|31~REF|6R|1344073439Z1~AMT|B6|77.89~CLP|262-1726|1|79|51.8|13.21|MB|2815013175580|31|1~NM1|QC|1|MIZELL|BETTY|C|||HN|456521535A~NM1|82|1||||||XX|1962447805~MOA|||MA01~DTM|050|20150113~SVC|HC^99308|79|51.8||1~DTM|472|20141211~CAS|CO|45|12.93||253|1.06~CAS|PR|2|13.21~REF|LU|31~REF|6R|1344073875Z1~AMT|B6|66.07~CLP|29-1713|19|104|68.25|17.41|MB|2815013175540|31|1~NM1|QC|1|MOFFATT|RUBY|S|||HN|511149871B~NM1|82|1||||||XX|1962447805~NM1|TT|2|NORTH AMERICAN INSURANCE COMPANY|||||PI|30155~MOA|||MA01|MA18~DTM|050|20150113~SVC|HC^99309|104|68.25||1~DTM|472|20141211~CAS|CO|45|16.95||253|1.39~CAS|PR|2|17.41~REF|LU|31~REF|6R|1344073871Z1~AMT|B6|87.05~CLP|29-1794|19|104|61.06|15.58|MB|2815013175670|31|1~NM1|QC|1|MOFFATT|RUBY|S|||HN|511149871B~NM1|82|1||||||XX|1952303547~NM1|TT|2|NORTH AMERICAN INSURANCE COMPANY|||||PI|30155~MOA|||MA01|MA18~DTM|050|20150113~SVC|HC^99309|104|61.06||1~DTM|472|20141215~CAS|CO|45|26.11||253|1.25~CAS|PR|2|15.58~REF|LU|31~REF|6R|1344073884Z1~AMT|B6|77.89~CLP|35-1819|1|104|68.25|17.41|MB|2815013814720|31|1~NM1|QC|1|MYERS|SHELBY|A|||HN|488261954B~NM1|82|1||||||XX|1962447805~MOA|||MA01~DTM|050|20150113~SVC|HC^99309|104|68.25||1~DTM|472|20140807~CAS|CO|45|16.95||253|1.39~CAS|PR|2|17.41~REF|LU|31~REF|6R|1344305127Z1~AMT|B6|87.05~CLP|64-1645|19|79|51.8|13.21|MB|2815013814900|31|1~NM1|QC|1|OBENNOSKEY|WILLIAM|O|||HN|431609382A~NM1|82|1||||||XX|1962447805~NM1|TT|2|TX HEALTH & HUMAN SERVICES COMMI|||||PI|70051~MOA|||MA01|MA07~DTM|050|20150113~SVC|HC^99308|79|51.8||1~DTM|472|20140612~CAS|CO|45|12.93||253|1.06~CAS|PR|2|13.21~REF|LU|31~REF|6R|1344363742Z1~AMT|B6|66.07~CLP|115-1733|19|51|33.58|8.57|MB|2815013814960|31|1~NM1|QC|1|ODIE|ESTERLEAN|H|||HN|427940263A~NM1|82|1||||||XX|1962447805~NM1|TT|2|TX HEALTH & HUMAN SERVICES COMMI|||||PI|70051~MOA|||MA01|MA07~DTM|050|20150113~SVC|HC^99307|51|33.58||1~DTM|472|20140610~CAS|CO|45|8.16||253|.69~CAS|PR|2|8.57~REF|LU|31~REF|6R|1344363751Z1~AMT|B6|42.84~CLP|20-1818|19|104|68.25|17.41|MB|2815013814710|31|1~NM1|QC|1|PAGE|ROBERT|H|||HN|275349947A~NM1|82|1||||||XX|1962447805~NM1|TT|2|TX HEALTH & HUMAN SERVICES COMMI|||||PI|70051~MOA|||MA01|MA07~DTM|050|20150113~SVC|HC^99309|104|68.25||1~DTM|472|20140807~CAS|CO|45|16.95||253|1.39~CAS|PR|2|17.41~REF|LU|31~REF|6R|1344305126Z1~AMT|B6|87.05~CLP|20-1732|19|51|33.58|8.57|MB|2815013814950|31|1~NM1|QC|1|PAGE|ROBERT|H|||HN|275349947A~NM1|82|1||||||XX|1962447805~NM1|TT|2|TX HEALTH & HUMAN SERVICES COMMI|||||PI|70051~MOA|||MA01|MA07~DTM|050|20150113~SVC|HC^99307|51|33.58||1~DTM|472|20140610~CAS|CO|45|8.16||253|.69~CAS|PR|2|8.57~REF|LU|31~REF|6R|1344363748Z1~AMT|B6|42.84~CLP|18-1746|19|104|68.25|17.41|MB|2815013814810|32|1~NM1|QC|1|PONCE|RAYMOND||||HN|562659571A~NM1|82|1||||||XX|1962447805~NM1|TT|2|TX HEALTH & HUMAN SERVICES COMMI|||||PI|70051~MOA|||MA01|MA07~DTM|050|20150113~SVC|HC^99309|104|68.25||1~DTM|472|20140808~CAS|CO|45|16.95||253|1.39~CAS|PR|2|17.41~REF|LU|32~REF|6R|1344340165Z1~AMT|B6|87.05~CLP|295-1697|1|121|78.95|20.14|MB|2815013175320|31|1~NM1|QC|1|PURYEAR|WALLACE||||HN|242520683A~NM1|82|1||||||XX|1962447805~MOA|||MA01~DTM|050|20150113~SVC|HC^99316|121|78.95||1~DTM|472|20141218~CAS|CO|45|20.3||253|1.61~CAS|PR|2|20.14~REF|LU|31~REF|6R|1344073435Z1~AMT|B6|100.7~CLP|295-1696|1|104|68.25|17.41|MB|2815013175470|31|1~NM1|QC|1|PURYEAR|WALLACE||||HN|242520683A~NM1|82|1||||||XX|1962447805~MOA|||MA01~DTM|050|20150113~SVC|HC^99309|104|68.25||1~DTM|472|20141211~CAS|CO|45|16.95||253|1.39~CAS|PR|2|17.41~REF|LU|31~REF|6R|1344073863Z1~AMT|B6|87.05~CLP|31-1673|19|79|51.8|13.21|MB|2815013175830|32|1~NM1|QC|1|ROSS|RUTH|E|||HN|459603783D~NM1|82|1||||||XX|1962447805~NM1|TT|2|TX HEALTH & HUMAN SERVICES COMMI|||||PI|70051~MOA|||MA01|MA07~DTM|050|20150113~SVC|HC^99308|79|51.8||1~DTM|472|20141205~CAS|CO|45|12.93||253|1.06~CAS|PR|2|13.21~REF|LU|32~REF|6R|1344075134Z1~AMT|B6|66.07~CLP|242-1689|19|79|51.8|13.21|MB|2815013815100|31|1~NM1|QC|1|SHARP|GEORGE||||HN|221240190A~NM1|82|1||||||XX|1962447805~NM1|TT|2|TX HEALTH & HUMAN SERVICES COMMI|||||PI|70051~MOA|||MA01|MA07~DTM|050|20150113~SVC|HC^99308|79|51.8||1~DTM|472|20140723~CAS|CO|45|12.93||253|1.06~CAS|PR|2|13.21~REF|LU|31~REF|6R|1344411254Z1~AMT|B6|66.07~CLP|199-1664|19|84|55|14.03|MB|2815013814690|31|1~NM1|QC|1|SHELBY|FAYE|D|||HN|461560328A~NM1|82|1||||||XX|1962447805~NM1|TT|2|HCSC-BCBS OF TX-OTHER B ONLY|||||PI|00044~MOA|||MA01|MA18~DTM|050|20150113~SVC|HC^99315|84|55||1~DTM|472|20140807~CAS|CO|45|13.85||253|1.12~CAS|PR|2|14.03~REF|LU|31~REF|6R|1344305124Z1~AMT|B6|70.15~CLP|199-1656|19|104|68.25|17.41|MB|2815013815080|31|1~NM1|QC|1|SHELBY|FAYE|D|||HN|461560328A~NM1|82|1||||||XX|1962447805~NM1|TT|2|HCSC-BCBS OF TX-OTHER B ONLY|||||PI|00044~MOA|||MA01|MA18~DTM|050|20150113~SVC|HC^99309|104|68.25||1~DTM|472|20140731~CAS|CO|45|16.95||253|1.39~CAS|PR|2|17.41~REF|LU|31~REF|6R|1344411250Z1~AMT|B6|87.05~CLP|107-1775|19|109|63.87|16.29|MB|2815013175620|33|1~NM1|QC|1|SHERIDAN|EDNA|V|||HN|486241601A~NM1|82|1||||||XX|1952303547~NM1|TT|2|TX HEALTH & HUMAN SERVICES COMMI|||||PI|70051~MOA|||MA01|MA07~DTM|050|20150113~SVC|HC^99335|109|63.87||1~DTM|472|20141215~CAS|CO|45|27.54||253|1.3~CAS|PR|2|16.29~REF|LU|33~REF|6R|1344073879Z1~AMT|B6|81.46~CLP|269-1679|19|121|78.95|20.14|MB|2815013175860|31|1~NM1|QC|1|SIMON|CANDI||||HN|449651029A~NM1|82|1||||||XX|1962447805~NM1|TT|2|TX HEALTH & HUMAN SERVICES COMMI|||||PI|70051~MOA|||MA01|MA07~DTM|050|20150113~SVC|HC^99316|121|78.95||1~DTM|472|20141205~CAS|CO|45|20.3||253|1.61~CAS|PR|2|20.14~REF|LU|31~REF|6R|1344075137Z1~AMT|B6|100.7~CLP|37-1742|19|104|68.25|17.41|MB|2815013814780|32|1~NM1|QC|1|SMALLE|WILLIE||||HN|441409399A~NM1|82|1||||||XX|1962447805~NM1|TT|2|TX HEALTH & HUMAN SERVICES COMMI|||||PI|70051~MOA|||MA01|MA07~DTM|050|20150113~SVC|HC^99309|104|68.25||1~DTM|472|20140808~CAS|CO|45|16.95||253|1.39~CAS|PR|2|17.41~REF|LU|32~REF|6R|1344340160Z1~AMT|B6|87.05~CLP|38-1665|19|79|51.8|13.21|MB|2815013175760|32|1~NM1|QC|1|SMITH|IVORY|D|||HN|466683089A~NM1|82|1||||||XX|1962447805~NM1|TT|2|TX HEALTH & HUMAN SERVICES COMMI|||||PI|70051~MOA|||MA01|MA07~DTM|050|20150113~SVC|HC^99308|79|51.8||1~DTM|472|20141205~CAS|CO|45|12.93||253|1.06~CAS|PR|2|13.21~REF|LU|32~REF|6R|1344075127Z1~AMT|B6|66.07~CLP|149-1672|19|79|51.8|13.21|MB|2815013175820|32|1~NM1|QC|1|SMITH|KAREN||||HN|464080734A~NM1|82|1||||||XX|1962447805~NM1|TT|2|TX HEALTH & HUMAN SERVICES COMMI|||||PI|70051~MOA|||MA01|MA07~DTM|050|20150113~SVC|HC^99308|79|51.8||1~DTM|472|20141205~CAS|CO|45|12.93||253|1.06~CAS|PR|2|13.21~REF|LU|32~REF|6R|1344075133Z1~AMT|B6|66.07~CLP|275-1809|19|104|61.06|15.58|MB|2815013175430|31|1~NM1|QC|1|SZKOLA|GERTRUDE|A|||HN|364058383A~NM1|82|1||||||XX|1952303547~NM1|TT|2|BCBS OF MICHIGAN|||||PI|00055~MOA|||MA01|MA18~DTM|050|20150113~SVC|HC^99309|104|61.06||1~DTM|472|20141218~CAS|CO|45|26.11||253|1.25~CAS|PR|2|15.58~REF|LU|31~REF|6R|1344073446Z1~AMT|B6|77.89~CLP|275-1716|19|79|51.8|13.21|MB|2815013175550|31|1~NM1|QC|1|SZKOLA|GERTRUDE|A|||HN|364058383A~NM1|82|1||||||XX|1962447805~NM1|TT|2|BCBS OF MICHIGAN|||||PI|00055~MOA|||MA01|MA18~DTM|050|20150113~SVC|HC^99308|79|51.8||1~DTM|472|20141211~CAS|CO|45|12.93||253|1.06~CAS|PR|2|13.21~REF|LU|31~REF|6R|1344073872Z1~AMT|B6|66.07~CLP|14-1755|1|104|68.25|17.41|MB|2815013814860|32|1~NM1|QC|1|TATUM|BILLY||||HN|464486388A~NM1|82|1||||||XX|1962447805~MOA|||MA01~DTM|050|20150113~SVC|HC^99309|104|68.25||1~DTM|472|20140811~CAS|CO|45|16.95||253|1.39~CAS|PR|2|17.41~REF|LU|32~REF|6R|1344340172Z1~AMT|B6|87.05~CLP|105-1722|19|79|51.8|13.21|MB|2815013175350|31|1~NM1|QC|1|THOMPSON|DORIS|W|||HN|466443779A~NM1|82|1||||||XX|1962447805~NM1|TT|2|CHCS SERVICES INC|||||PI|80255~MOA|||MA01|MA18~DTM|050|20150113~SVC|HC^99308|79|51.8||1~DTM|472|20141219~CAS|CO|45|12.93||253|1.06~CAS|PR|2|13.21~REF|LU|31~REF|6R|1344073438Z1~AMT|B6|66.07~CLP|105-1720|19|79|51.8|13.21|MB|2815013175570|31|1~NM1|QC|1|THOMPSON|DORIS|W|||HN|466443779A~NM1|82|1||||||XX|1962447805~NM1|TT|2|CHCS SERVICES INC|||||PI|80255~MOA|||MA01|MA18~DTM|050|20150113~SVC|HC^99308|79|51.8||1~DTM|472|20141211~CAS|CO|45|12.93||253|1.06~CAS|PR|2|13.21~REF|LU|31~REF|6R|1344073874Z1~AMT|B6|66.07~CLP|105-1777|19|104|61.06|15.58|MB|2815013175640|31|1~NM1|QC|1|THOMPSON|DORIS|W|||HN|466443779A~NM1|82|1||||||XX|1952303547~NM1|TT|2|CHCS SERVICES INC|||||PI|80255~MOA|||MA01|MA18~DTM|050|20150113~SVC|HC^99309|104|61.06||1~DTM|472|20141215~CAS|CO|45|26.11||253|1.25~CAS|PR|2|15.58~REF|LU|31~REF|6R|1344073881Z1~AMT|B6|77.89~CLP|105-1648|19|51|33.58|8.57|MB|2815013814920|31|1~NM1|QC|1|THOMPSON|DORIS|W|||HN|466443779A~NM1|82|1||||||XX|1962447805~NM1|TT|2|CHCS SERVICES INC|||||PI|80255~MOA|||MA01|MA18~DTM|050|20150113~SVC|HC^99307|51|33.58||1~DTM|472|20140618~CAS|CO|45|8.16||253|.69~CAS|PR|2|8.57~REF|LU|31~REF|6R|1344363744Z1~AMT|B6|42.84~CLP|274-1724|19|79|51.8|13.21|MB|2815013175590|31|1~NM1|QC|1|VINSON|BOLEKA|M|||HN|643580877T~NM1|82|1||||||XX|1962447805~NM1|TT|2|TX HEALTH & HUMAN SERVICES COMMI|||||PI|70051~MOA|||MA01|MA07~DTM|050|20150113~SVC|HC^99308|79|51.8||1~DTM|472|20141211~CAS|CO|45|12.93||253|1.06~CAS|PR|2|13.21~REF|LU|31~REF|6R|1344073876Z1~AMT|B6|66.07~CLP|118-1637|19|79|51.8|13.21|MB|2815013814600|31|1~NM1|QC|1|WILSON|EUNICE|C|||HN|501261218A~NM1|82|1||||||XX|1962447805~NM1|TT|2|TX HEALTH & HUMAN SERVICES COMMI|||||PI|70051~MOA|||MA01|MA07~DTM|050|20150113~SVC|HC^99308|79|51.8||1~DTM|472|20140807~CAS|CO|45|12.93||253|1.06~CAS|PR|2|13.21~REF|LU|31~REF|6R|1344305115Z1~AMT|B6|66.07~CLP|118-1649|19|79|51.8|13.21|MB|2815013815030|31|1~NM1|QC|1|WILSON|EUNICE|C|||HN|501261218A~NM1|82|1||||||XX|1962447805~NM1|TT|2|TX HEALTH & HUMAN SERVICES COMMI|||||PI|70051~MOA|||MA01|MA07~DTM|050|20150113~SVC|HC^99308|79|51.8||1~DTM|472|20140731~CAS|CO|45|12.93||253|1.06~CAS|PR|2|13.21~REF|LU|31~REF|6R|1344411241Z1~AMT|B6|66.07~CLP|157-1824|1|222|129.81|33.11|MB|2815013175450|33|1~NM1|QC|1|WOFFORD|LORENE||||HN|466264732D~NM1|82|1||||||XX|1952303547~MOA|||MA01~DTM|050|20150113~SVC|HC^99337|222|129.81||1~DTM|472|20141218~CAS|CO|45|56.43||253|2.65~CAS|PR|2|33.11~REF|LU|33~REF|6R|1344073448Z1~AMT|B6|165.57~SE|1138|0002~GE|2|484~IEA|1|000000489~