ISA|00|          |00|          |ZZ|ZIRMED         |29|E12705         |150605|0226|U|00401|000001001|0|P|^~GS|HP|ZIRMED|E12705|20150605|0226|996|X|004010X091A1~ST|835|0001~BPR|I|618.52|C|ACH|CCP|01|081517693|DA|152302017594|1205296137||01|111000025|DA|488038453432|20150605~TRN|1|890326279|1205296137~REF|EV|E12705~DTM|405|20150604~N1|PR|NOVITAS SOLUTIONS, INC.~N3|PO BOX 3110~N4|MECHANICSBURG|PA|170551826~REF|2U|04412~PER|CX||TE|8552528782~N1|PE|DFW GERIATRICS PLLC|XX|1063835361~N3|2925 SKYWAY CIRCLE NORTH~N4|IRVING|TX|750383510~REF|TJ|464596718~LX|1~CLP|313-2919|19|130|72.61|18.52|MB|2815142266760|11|1~NM1|QC|1|FRICK|TERRY||||HN|467375415A~NM1|82|1||||||XX|1679978068~NM1|TT|2|ARKANSAS MEDICAID PROGRAM|||||PI|70017~MOA|||MA01|MA07~DTM|050|20150522~SVC|HC^99214|130|72.61||1~DTM|472|20150515~CAS|CO|45|37.39||253|1.48~CAS|PR|2|18.52~REF|6R|1456353317Z1~REF|LU|11~AMT|B6|92.61~CLP|6044-2917|19|149|116.82|29.8|MB|2815142266730|11|1~NM1|QC|1|HOPKINS|JULIE REN||||HN|458357664A~NM1|82|1||||||XX|1679978068~NM1|TT|2|TX HEALTH & HUMAN SERVICES COMMI|||||PI|70051~MOA|||MA01|MA07~DTM|050|20150522~SVC|HC^99205|149|116.82||1~DTM|472|20150519~CAS|CO|253|2.38~CAS|PR|2|29.8~REF|6R|1456315695Z1~REF|LU|11~AMT|B6|149~CLP|314-2914|1|24|15.03|3.83|MB|2815142266710|11|1~NM1|QC|1|PALMER|LARRY||||HN|382562993A~NM1|82|1||||||XX|1962447805~MOA|||MA01~DTM|050|20150522~SVC|HC^99211|24|15.03||1~DTM|472|20150518~CAS|CO|45|4.83||253|.31~CAS|PR|2|3.83~REF|6R|1456315693Z1~REF|LU|11~AMT|B6|19.17~CLP|3457-2912|1|492|72.61|18.52|MB|2815142266700|11|1~NM1|QC|1|STEVENSON|RANDY||||HN|457845417C2~NM1|82|1||||||XX|1679978068~MOA|||MA01~DTM|050|20150522~SVC|HC^99214^25|130|72.61||1~DTM|472|20150515~CAS|CO|45|37.39||253|1.48~CAS|PR|2|18.52~REF|6R|1456315692Z1~REF|LU|11~AMT|B6|92.61~SVC|HC^95923|252|0||||1~DTM|472|20150515~CAS|CO|170|252~REF|6R|1456315692Z2~REF|LU|11~SVC|HC^95921|110|0||||1~DTM|472|20150515~CAS|CO|170|110~REF|6R|1456315692Z3~REF|LU|11~CLP|410-2737|19|496|292.54|74.62|MB|2815142266740|11|1~NM1|QC|1|TAYLOR|LEONARD||||HN|426680464A~NM1|82|1||||||XX|1962447805~NM1|TT|2|TX HEALTH & HUMAN SERVICES COMMI|||||PI|70051~MOA|||MA01|MA07~DTM|050|20150522~SVC|HC^99214^25|130|81.14||1~DTM|472|20150407~CAS|CO|45|26.5||253|1.66~CAS|PR|2|20.7~REF|6R|1456344918Z1~REF|LU|11~AMT|B6|103.5~SVC|HC^95921|110|66.34||1~DTM|472|20150407~CAS|CO|45|25.39||253|1.35~CAS|PR|2|16.92~REF|6R|1456344918Z2~REF|LU|11~AMT|B6|84.61~SVC|HC^95923|252|145.06||1~DTM|472|20150407~CAS|CO|45|66.98||253|2.96~CAS|PR|2|37~REF|6R|1456344918Z3~REF|LU|11~AMT|B6|185.02~SVC|HC^94760|4|0||||1~DTM|472|20150407~CAS|CO|50|4~REF|6R|1456344918Z4~REF|LU|11~LQ|HE|M25~LQ|HE|N115~CLP|422-2916|1|88|48.91|12.48|MB|2815142266720|11|1~NM1|QC|1|WILSON|VIVIAN||||HN|463196861A~NM1|82|1||||||XX|1679978068~MOA|||MA01~DTM|050|20150522~SVC|HC^99213|88|48.91||1~DTM|472|20150519~CAS|CO|45|25.61||253|1~CAS|PR|2|12.48~REF|6R|1456315694Z1~REF|LU|11~AMT|B6|62.39~SE|122|0001~GE|1|996~IEA|1|000001001~