ISA|00|          |00|          |ZZ|ZIRMED         |ZZ|PAYER          |150924|1150|U|00401|000001404|0|P|^~GS|HP|ZIRMED|PROVIDERHIS|20150924|1150|1399|X|004010X091A1~ST|835|0001~BPR|I|22.88|C|ACH|CCP|01|071000505|DA|5800366444|1742770542||01|111000025|DA|488038453432|20150924~TRN|1|0901527427|1742770542~REF|EV|999999999999999~DTM|405|20150924~N1|PR|SUPERIOR HEALTH PLAN~N3|6070 GATEWAY EAST|SUITE 400~N4|EL PASO|TX|79905~N1|PE|DFW GERIATRICS PLLC|XX|1063835361~N3|2925 SKWY CIR N~N4|IRVING|TX|75038~REF|TJ|464596718~LX|1~CLP|245-3761|2|130|22.88||HM|O260TXE03223|11|E~NM1|QC|1|LOVE|VICKIE||||MR|283504101~NM1|IL|1|LOVE|VICKIE||||MI|00259384701~NM1|82|1|KETHA|SUMANA||||XX|1962447805~REF|EA|000000001227~REF|G2|168813~SVC|HC^99214|130|22.88||1~DTM|472|20150902~CAS|CO|45|17.43~CAS|OA|23|89.69~REF|6R|1549360473Z1~REF|HPI|1962447805~AMT|B6|112.57~LQ|HE|N420~SE|28|0001~GE|1|1399~IEA|1|000001404~