ISA|00|          |00|          |ZZ|ZIRMED         |29|E12705         |150616|0317|U|00401|000001014|0|P|^~GS|HP|ZIRMED|E12705|20150616|0317|1009|X|004010X091A1~ST|835|0001~BPR|I|714.56|C|ACH|CCP|01|081517693|DA|152302017594|1205296137||01|111000025|DA|488038453432|20150616~TRN|1|890383253|1205296137~REF|EV|E12705~DTM|405|20150615~N1|PR|NOVITAS SOLUTIONS, INC.~N3|PO BOX 3110~N4|MECHANICSBURG|PA|170551826~REF|2U|04412~PER|CX||TE|8552528782~N1|PE|DFW GERIATRICS PLLC|XX|1063835361~N3|2925 SKYWAY CIRCLE NORTH~N4|IRVING|TX|750383510~REF|TJ|464596718~LX|1~CLP|420-2942|19|130|81.14|20.7|MB|2815153351150|11|1~NM1|QC|1|AGANON|ASTERIO||||HN|630768999A~NM1|82|1||||||XX|1962447805~NM1|TT|2|ASSURED LIFE ASSOCIATION|||||PI|30281~MOA|||MA01|MA18~DTM|050|20150602~SVC|HC^99214|130|81.14||1~DTM|472|20150528~CAS|CO|45|26.5||253|1.66~CAS|PR|2|20.7~REF|6R|1463401544Z1~REF|LU|11~AMT|B6|103.5~CLP|559-2944|19|130|81.14|20.7|MB|2815153351190|11|1~NM1|QC|1|AGANON|ROSITA||||HN|630769002A~NM1|82|1||||||XX|1962447805~NM1|TT|2|ASSURED LIFE ASSOCIATION|||||PI|30281~MOA|||MA01|MA18~DTM|050|20150602~SVC|HC^99214|130|81.14||1~DTM|472|20150528~CAS|CO|45|26.5||253|1.66~CAS|PR|2|20.7~REF|6R|1463401546Z1~REF|LU|11~AMT|B6|103.5~CLP|304-2935|1|148|91.82|23.42|MB|2815153350980|11|1~NM1|QC|1|CEPEDA|MARGIE||||HN|429762401A~NM1|82|1||||||XX|1962447805~MOA|||MA01~DTM|050|20150602~SVC|HC^99214^25|130|81.14||1~DTM|472|20150526~CAS|CO|45|26.5||253|1.66~CAS|PR|2|20.7~REF|6R|1463401537Z1~REF|LU|11~AMT|B6|103.5~SVC|HC^99406|18|10.68||1~DTM|472|20150526~CAS|CO|45|4.38||253|.22~CAS|PR|2|2.72~REF|6R|1463401537Z2~REF|LU|11~AMT|B6|13.62~CLP|878-2929|1|130|17.85|85.29|MB|2815153350960|11|1~NM1|QC|1|DOSS|ROCHELLE||||HN|356526697A~NM1|82|1||||||XX|1962447805~MOA|||MA01~DTM|050|20150602~SVC|HC^99214|130|17.85||1~DTM|472|20150507~CAS|CO|45|26.5||253|.36~CAS|PR|1|80.74||2|4.55~REF|6R|1463401532Z1~REF|LU|11~AMT|B6|103.5~CLP|350-2936|19|192|120.08|30.63|MB|2815153351010|11|1~NM1|QC|1|HIGGS|CYNTHIA|G|||HN|460217469A~NM1|82|1||||||XX|1962447805~NM1|TT|2|TX HEALTH & HUMAN SERVICES COMMI|||||PI|70051~MOA|||MA01|MA07~DTM|050|20150602~SVC|HC^99215^25|174|109.4||1~DTM|472|20150526~CAS|CO|45|34.46||253|2.23~CAS|PR|2|27.91~REF|6R|1463401538Z1~REF|LU|11~AMT|B6|139.54~SVC|HC^99406|18|10.68||1~DTM|472|20150526~CAS|CO|45|4.38||253|.22~CAS|PR|2|2.72~REF|6R|1463401538Z2~REF|LU|11~AMT|B6|13.62~CLP|311-2923|19|130|72.61|18.52|MB|2815153351290|11|1~NM1|QC|1|HOLLAND|LEE||||HN|451767936A~NM1|82|1||||||XX|1679978068~NM1|TT|2|TX HEALTH & HUMAN SERVICES COMMI|||||PI|70051~MOA|||MA01|MA07~DTM|050|20150602~SVC|HC^99214|130|72.61||1~DTM|472|20150302~CAS|CO|45|37.39||253|1.48~CAS|PR|2|18.52~REF|6R|1463405198Z1~REF|LU|11~AMT|B6|92.61~CLP|383-2946|1|130|81.14|20.7|MB|2815153351220|11|1~NM1|QC|1|HUDGINS|NANCY||||HN|509380876A~NM1|82|1||||||XX|1962447805~MOA|||MA01~DTM|050|20150602~SVC|HC^99214|130|81.14||1~DTM|472|20150528~CAS|CO|45|26.5||253|1.66~CAS|PR|2|20.7~REF|6R|1463401547Z1~REF|LU|11~AMT|B6|103.5~CLP|314-2938|1|24|15.03|3.83|MB|2815153351070|11|1~NM1|QC|1|PALMER|LARRY||||HN|382562993A~NM1|82|1||||||XX|1962447805~MOA|||MA01~DTM|050|20150602~SVC|HC^99211|24|15.03||1~DTM|472|20150526~CAS|CO|45|4.83||253|.31~CAS|PR|2|3.83~REF|6R|1463401540Z1~REF|LU|11~AMT|B6|19.17~CLP|382-2940|1|130|72.61|18.52|MB|2815153351100|11|1~NM1|QC|1|TODD|LANA||||HN|449755855A~NM1|82|1||||||XX|1679978068~MOA|||MA01~DTM|050|20150602~SVC|HC^99214|130|72.61||1~DTM|472|20150527~CAS|CO|45|37.39||253|1.48~CAS|PR|2|18.52~REF|6R|1463401542Z1~REF|LU|11~AMT|B6|92.61~CLP|422-2925|1|130|81.14|20.7|MB|2815153351320|11|1~NM1|QC|1|WILSON|VIVIAN||||HN|463196861A~NM1|82|1||||||XX|1962447805~MOA|||MA01~DTM|050|20150602~SVC|HC^99214|130|81.14||1~DTM|472|20150324~CAS|CO|45|26.5||253|1.66~CAS|PR|2|20.7~REF|6R|1463405201Z1~REF|LU|11~AMT|B6|103.5~SE|154|0001~GE|1|1009~IEA|1|000001014~