ISA|00|          |00|          |ZZ|ZIRMED         |29|E12705         |151104|0917|U|00401|000001512|0|P|^~GS|HP|ZIRMED|E12705|20151104|0917|1507|X|004010X091A1~ST|835|0001~BPR|H|0|C|NON||||||||||||20151104~TRN|1|459981233|1205296137~REF|EV|E12705~DTM|405|20151103~N1|PR|NOVITAS SOLUTIONS, INC.~N3|PO BOX 3110~N4|MECHANICSBURG|PA|170551826~REF|2U|04412~PER|CX||TE|8552528782~N1|PE|DFW GERIATRICS PLLC|XX|1063835361~N3|2925 SKYWAY CIRCLE NORTH~N4|IRVING|TX|750383510~REF|TJ|464596718~LX|1~CLP|368-4076|1|4|0||MB|3215306269332|11|1~NM1|QC|1|GRAY|LESLIE||||HN|467083719A~NM1|82|1||||||XX|1962447805~MOA|||MA130|MA15~DTM|050|20151102~SVC|HC^94760|4|0||||1~DTM|472|20151016~CAS|CO|16|4~REF|6R|1594016786Z5~REF|LU|11~LQ|HE|MA130~LQ|HE|N265~LQ|HE|N276~LQ|HE|N286~SE|30|0001~ST|835|0002~BPR|I|304.12|C|ACH|CCP|01|081517693|DA|152302017594|1205296137||01|111000025|DA|488038453432|20151104~TRN|1|891524923|1205296137~REF|EV|E12705~DTM|405|20151103~N1|PR|NOVITAS SOLUTIONS, INC.~N3|PO BOX 3110~N4|MECHANICSBURG|PA|170551826~REF|2U|04412~PER|CX||TE|8552528782~N1|PE|DFW GERIATRICS PLLC|XX|1063835361~N3|2925 SKYWAY CIRCLE NORTH~N4|IRVING|TX|750383510~REF|TJ|464596718~LX|1~CLP|314-4039|1|28|15.11|3.85|MB|2915294639010|11|1~NM1|QC|1|PALMER|LARRY||||HN|382562993A~NM1|82|1||||||XX|1962447805~MOA|||MA01~DTM|050|20151021~SVC|HC^99211^25|24|15.11||1~DTM|472|20151012~CAS|CO|45|4.73||253|.31~CAS|PR|2|3.85~REF|6R|1584219570Z1~REF|LU|11~AMT|B6|19.27~SVC|HC^94760|4|0||||1~DTM|472|20151012~CAS|CO|50|4~REF|6R|1584219570Z2~REF|LU|11~LQ|HE|M25~LQ|HE|N115~CLP|418-3939|1|213|144.45|25.68|MB|3215287716850|11|1~NM1|QC|1|TODD|MICHAEL|S|||HN|466453707A~NM1|82|1||||||XX|1962447805~MOA|||MA01|MA15~DTM|050|20151014~SVC|HC^99214^25|130|81.56||1~DTM|472|20151002~CAS|CO|45|25.98||253|1.66~CAS|PR|2|20.8~REF|6R|1578043818Z1~REF|LU|11~AMT|B6|104.02~SVC|HC^90654|23|18.54||1~DTM|472|20151002~CAS|CO|45|4.08||253|.38~REF|6R|1578043818Z2~REF|LU|11~AMT|B6|18.92~SVC|HC^G0008|31|25.2||1~DTM|472|20151002~CAS|CO|45|5.29||253|.51~REF|6R|1578043818Z3~REF|LU|11~AMT|B6|25.71~SVC|HC^96372|29|19.15||1~DTM|472|20151002~CAS|CO|45|4.58||253|.39~CAS|PR|2|4.88~REF|6R|1578043818Z4~REF|LU|11~AMT|B6|24.42~CLP|309-3887|19|213|144.45|25.68|MB|2815266342540|11|1~NM1|QC|1|VANDERPOOL|ADRIAN||||HN|466297262A~NM1|82|1||||||XX|1962447805~NM1|TT|2|TX HEALTH & HUMAN SERVICES COMMI|||||PI|70051~MOA|||MA01|MA07~DTM|050|20150923~AMT|I|.11~SVC|HC^99214^25|130|81.56||1~DTM|472|20150922~CAS|CO|45|25.98||253|1.66~CAS|PR|2|20.8~REF|6R|1560591009Z1~REF|LU|11~AMT|B6|104.02~SVC|HC^90654|23|18.54||1~DTM|472|20150922~CAS|CO|45|4.08||253|.38~REF|6R|1560591009Z2~REF|LU|11~AMT|B6|18.92~SVC|HC^G0008|31|25.2||1~DTM|472|20150922~CAS|CO|45|5.29||253|.51~REF|6R|1560591009Z3~REF|LU|11~AMT|B6|25.71~SVC|HC^96372|29|19.15||1~DTM|472|20150922~CAS|CO|45|4.58||253|.39~CAS|PR|2|4.88~REF|6R|1560591009Z4~REF|LU|11~AMT|B6|24.42~PLB|1063835361|20151231|L6|-0.11~SE|100|0002~GE|2|1507~IEA|1|000001512~