ISA|00|          |00|          |ZZ|ZIRMED         |ZZ|AV09311993     |150603|2002|U|00401|000000999|0|P|^~GS|HP|ZIRMED|AV01101957|20150603|2002|994|X|004010X091A1~ST|835|0001~BPR|I|283.5|C|CHK||||||||||||20150602~TRN|1|C15153337139620|1361236610|CP201506023371396200~REF|EV|TX8355010~DTM|405|20150602~N1|PR|BLUECROSS BLUESHIELD OF TEXAS~N3|P O BOX 660044~N4|DALLAS|TX|752660044~REF|2U|G84980~N1|PE|DFW GERIATRICS PLLC|XX|1063835361~N3|2925 SKYWAY CIR N~N4|IRVING|TX|750383510~REF|TJ|464596718~LX|1~CLP|5678-2908|1|174|113.57|38|12|02015142503S7320X00|11|1~NM1|QC|1|HARRIS|MARY||||MI|UXE905620421~NM1|82|1|KETHA|SUMANA||||XX|1962447805~REF|1L|000ZGPPOX0000~REF|CE|PREFERRED PROVIDER ORGANIZATION~DTM|232|20150515~DTM|233|20150515~DTM|050|20150522~AMT|AU|151.57~SVC|HC^99215|174|113.57||1~DTM|472|20150515~CAS|CO|45|22.43~CAS|PR|2|38~REF|6R|1456315689Z1~AMT|B6|151.57~LX|2~CLP|5784-2926|1|130|93.21|20|12|020151535003G710X00|11|1~NM1|QC|1|KALE|SHEETAL||||MI|CXP000048940~NM1|82|1|KETHA|SUMANA||||XX|1962447805~REF|1L|000ZGCFAP0000~REF|CE|PREFERRED PROVIDER ORGANIZATION~DTM|232|20150331~DTM|233|20150331~DTM|050|20150602~AMT|AU|113.21~SVC|HC^99214|130|93.21||1~DTM|472|20150331~CAS|CO|45|16.79~CAS|PR|2|20~REF|6R|1463401493Z1~AMT|B6|113.21~LX|3~CLP|5784-2931|1|88|76.72||12|020151535004G690X00|11|1~NM1|QC|1|KALE|SHEETAL||||MI|CXP000048940~NM1|82|1|KETHA|SUMANA||||XX|1962447805~REF|1L|000ZGCFAP0000~REF|CE|PREFERRED PROVIDER ORGANIZATION~DTM|232|20150507~DTM|233|20150507~DTM|050|20150602~AMT|AU|76.72~SVC|HC^99213|88|76.72||1~DTM|472|20150507~CAS|CO|45|11.28~REF|6R|1463401534Z1~AMT|B6|76.72~SE|61|0001~GE|1|994~IEA|1|000000999~