ISA|00|          |00|          |ZZ|ZIRMED         |ZZ|AV09311993     |150131|1318|U|00401|000000503|0|P|^~GS|HP|ZIRMED|AV01101957|20150131|1318|498|X|004010X091A1~ST|835|0001~BPR|I|44.65|C|CHK||||||||||||20150130~TRN|1|C15030333809040|1361236610|CP201501303338090400~REF|EV|TX8355010~DTM|405|20150130~N1|PR|BLUECROSS BLUESHIELD OF TEXAS~N3|P O BOX 660044~N4|DALLAS|TX|752660044~REF|2U|G84980~N1|PE|DFW GERIATRICS PLLC|XX|1063835361~N3|2925 SKYWAY CIR N~N4|IRVING|TX|750383510~REF|TJ|464596718~LX|1~CLP|135-1652|2|79|13.21||12|02015029572F9280X00|31|1~NM1|QC|1|HEAD|JEANNE|H|||MI|0T96YG9R4~NM1|74|1||NELDA|J|||C|UTS0T96YG9R4~NM1|82|1|KETHA|SUMANA||||XX|1962447805~REF|1L|0000717780033~REF|CE|MEDICARE CROSSOVER CLAIM~DTM|232|20140731~DTM|233|20140731~DTM|050|20150129~AMT|AU|66.07~SVC|HC^99308|79|13.21||1~DTM|472|20140731~CAS|OA|23|65.79~REF|6R|1344411246Z1~AMT|B6|66.07~LX|2~CLP|199-1664|2|84|14.03||12|02015029572F8720X00|31|1~NM1|QC|1|SHELBY|FAYE|D|||MI|UTS0A67EN1RT~NM1|82|1|KETHA|SUMANA||||XX|1962447805~REF|1L|0000717780032~REF|CE|MEDICARE CROSSOVER CLAIM~DTM|232|20140807~DTM|233|20140807~DTM|050|20150129~AMT|AU|70.15~SVC|HC^99315|84|14.03||1~DTM|472|20140807~CAS|OA|23|69.97~REF|6R|1344305124Z1~AMT|B6|70.15~LX|3~CLP|199-1656|2|104|17.41||12|02015029572F8740X00|31|1~NM1|QC|1|SHELBY|FAYE|D|||MI|UTS0A67EN1RT~NM1|82|1|KETHA|SUMANA||||XX|1962447805~REF|1L|0000717780032~REF|CE|MEDICARE CROSSOVER CLAIM~DTM|232|20140731~DTM|233|20140731~DTM|050|20150129~AMT|AU|87.05~SVC|HC^99309|104|17.41||1~DTM|472|20140731~CAS|OA|23|86.59~REF|6R|1344411250Z1~AMT|B6|87.05~SE|60|0001~ST|835|0002~BPR|I|74.28|C|CHK||||||||||||20150130~TRN|1|C15030117623820|1361236610|CP201501301176238200~REF|EV|TX8355010~DTM|405|20150130~N1|PR|BLUECROSS BLUESHIELD OF TEXAS~N3|P O BOX 660044~N4|DALLAS|TX|752660044~REF|2U|G84980~N1|PE|DFW GERIATRICS PLLC|XX|1063835361~N3|2925 SKYWAY CIR N~N4|IRVING|TX|750383510~REF|TJ|464596718~LX|1~CLP|139-1302|2|109|16.29||ZZ|02015026572009T0X00|33|1~NM1|QC|1|BUTNER|JOANN||||MI|R02401367~NM1|IL|1|BUTNER|JOANN||||MI|R02401367~NM1|82|1|MARCO|DALE|A|||XX|1952303547~REF|1L|0000FEPTX0102~REF|CE|MEDICARE CROSSOVER CLAIM~DTM|232|20140929~DTM|233|20140929~DTM|050|20150126~AMT|AU|81.46~SVC|HC^99335|109|16.29||1~DTM|472|20140929~CAS|CO|23|27.54~CAS|OA|23|65.17~REF|6R|1340461693Z1~AMT|B6|81.46~LX|2~CLP|204-1663|2|104|17.41||ZZ|02015029578H0600X00|31|1~NM1|QC|1|MCCLURG|MARY|A|||MI|R02369803~NM1|82|1|KETHA|SUMANA||||XX|1962447805~REF|1L|0000FEPTX0102~REF|CE|MEDICARE CROSSOVER CLAIM~DTM|232|20140807~DTM|233|20140807~DTM|050|20150129~AMT|AU|87.05~SVC|HC^99309|104|17.41||1~DTM|472|20140807~CAS|CO|23|16.95~CAS|OA|23|69.64~REF|6R|1344305123Z1~AMT|B6|87.05~LX|3~CLP|58-510|2|155|23.17||ZZ|02015030570Y3630X00|31|1~NM1|QC|1|PASEK|VELMA|L|||MI|R50638048~NM1|82|1|MARCO|DALE|A|||XX|1952303547~REF|1L|0000FEPTX0102~REF|CE|MEDICARE CROSSOVER CLAIM~DTM|232|20140811~DTM|233|20140811~DTM|050|20150130~AMT|AU|115.84~SVC|HC^99310|155|23.17||1~DTM|472|20140811~CAS|CO|23|39.16~CAS|OA|23|92.67~REF|6R|1315922597Z1~AMT|B6|115.84~LX|4~CLP|58-1264|2|104|17.41||ZZ|02015030570Y7590X00|31|1~NM1|QC|1|PASEK|VELMA|L|||MI|R50638048~NM1|82|1|KETHA|SUMANA||||XX|1962447805~REF|1L|0000FEPTX0102~REF|CE|MEDICARE CROSSOVER CLAIM~DTM|232|20141021~DTM|233|20141021~DTM|050|20150130~AMT|AU|87.05~SVC|HC^99309|104|17.41||1~DTM|472|20141021~CAS|CO|23|16.95~CAS|OA|23|69.64~REF|6R|1327941120Z1~AMT|B6|87.05~SE|79|0002~GE|2|498~IEA|1|000000503~