ISA|00|          |00|          |ZZ|ZIRMED         |ZZ|PAYER          |151111|1058|U|00401|000001537|0|P|^~GS|HP|ZIRMED|PROVIDERHIS|20151111|1058|1532|X|004010X091A1~ST|835|0001~BPR|I|1101.05|C|ACH|CCP|01|071000039|DA|5801076091|1742770542||01|111000025|DA|488038453432|20151111~TRN|1|0900014052|1742770542~REF|EV|999999999999999~DTM|405|20151111~N1|PR|ADVANTAGE BY SUPERIOR~N3|2100 SOUTH IH 35, SUITE 202~N4|AUSTIN|TX|78704~N1|PE|DFW GERIATRICS PLLC|XX|1063835361~N3|2925 SKWY CIR N~N4|IRVING|TX|75038~REF|TJ|464596718~LX|1~CLP|6123-3967|1|130|90.13|22.99|HM|O313MCE01759|11|E~NM1|QC|1|HARRINGTON|SANTOARY||||MR|426251454~NM1|IL|1|HARRINGTON|SANTOARY||||MI|C0012684201~NM1|82|1|KETHA|SUMANA||||XX|1962447805~REF|EA|000000000654~REF|G2|690002~SVC|HC^99214|130|90.13||1~DTM|472|20151013~CAS|CO|45|15.04||44|1.84~CAS|PR|2|22.99|1~REF|6R|1600937448Z1~REF|HPI|1962447805~AMT|B6|114.96~LX|2~CLP|6140-4027|1|683|480.75|122.65|HM|O309MCE03945|11|E~NM1|QC|1|BERRY|CORDELIA I||||MR|C0008205901~NM1|IL|1|BERRY|CORDELIA|I|||MI|C0008205901~NM1|82|1|KETHA|SUMANA||||XX|1962447805~REF|EA|000000000653~REF|G2|690002~SVC|HC^99205^25|149|116.82||1~DTM|472|20151016~CAS|CO|44|2.38~CAS|PR|2|29.8|1~REF|6R|1597765632Z1~REF|HPI|1962447805~AMT|B6|149~SVC|HC^95923|252|161.13||1~DTM|472|20151016~CAS|CO|45|46.47||44|3.29~CAS|PR|2|41.11|1~REF|6R|1597765632Z2~REF|HPI|1962447805~AMT|B6|205.53~SVC|HC^93306|264|190.94||1~DTM|472|20151016~CAS|CO|45|20.45||44|3.9~CAS|PR|2|48.71|1~REF|6R|1597765632Z3~REF|HPI|1962447805~AMT|B6|243.55~SVC|HC^99406|18|11.86||1~DTM|472|20151016~CAS|CO|45|2.87||44|.24~CAS|PR|2|3.03|1~REF|6R|1597765632Z4~REF|HPI|1962447805~AMT|B6|15.13~LX|3~CLP|6123-4216|1|238|183.92|35.2|HM|O313MCE01763|11|E~NM1|QC|1|HARRINGTON|SANTOARY||||MR|426251454~NM1|IL|1|HARRINGTON|SANTOARY||||MI|C0012684201~NM1|82|1|KETHA|SUMANA||||XX|1962447805~REF|EA|000000000655~REF|G2|690002~SVC|HC^99205^25|149|116.82||1~DTM|472|20150914~CAS|CO|44|2.38~CAS|PR|2|29.8|1~REF|6R|1600937450Z1~REF|HPI|1962447805~AMT|B6|149~SVC|HC^94760|4|0||1~DTM|472|20150914~CAS|CO|97|4~REF|6R|1600937450Z2~REF|HPI|1962447805~AMT|B6|3.34~LQ|HE|M15~SVC|HC^90654|23|19.47||1~DTM|472|20150914~CAS|CO|45|3.13||44|.4~REF|6R|1600937450Z3~REF|HPI|1962447805~AMT|B6|19.87~SVC|HC^90471|33|26.46||1~DTM|472|20150914~CAS|CO|45|6||44|.54~REF|6R|1600937450Z4~REF|HPI|1962447805~AMT|B6|27~SVC|HC^96372|29|21.17||1~DTM|472|20150914~CAS|CO|45|2||44|.43~CAS|PR|2|5.4|1~REF|6R|1600937450Z5~REF|HPI|1962447805~AMT|B6|27~LX|4~CLP|245-3927|1|548|346.11|88.3|HM|O279MCE04471|11|E~NM1|QC|1|LOVE|VICKIE S||||MR|C0008177201~NM1|IL|1|LOVE|VICKIE|S|||MI|C0008177201~NM1|82|1|KETHA|SUMANA||||XX|1962447805~REF|EA|000000000656~REF|G2|690002~SVC|HC^99214^25|130|90.13||1~DTM|472|20151001~CAS|CO|45|15.04||44|1.84~CAS|PR|2|22.99|1~REF|6R|1570948231Z1~REF|HPI|1962447805~AMT|B6|114.96~SVC|HC^90654|23|0||1~DTM|472|20151001~CAS|CO|96|23~REF|6R|1570948231Z2~REF|HPI|1962447805~LQ|HE|N643~SVC|HC^96372|29|21.17||1~DTM|472|20151001~CAS|CO|45|2||44|.43~CAS|PR|2|5.4|1~REF|6R|1570948231Z3~REF|HPI|1962447805~AMT|B6|27~SVC|HC^94760|4|0||1~DTM|472|20151001~CAS|CO|150|4~REF|6R|1570948231Z4~REF|HPI|1962447805~AMT|B6|3.34~LQ|HE|N640~SVC|HC^G0008|0|0||1~DTM|472|20151001~REF|6R|1570948231Z5~REF|HPI|1962447805~SVC|HC^95923|252|161.13||1~DTM|472|20151001~CAS|CO|45|46.47||44|3.29~CAS|PR|2|41.11|1~REF|6R|1570948231Z6~REF|HPI|1962447805~AMT|B6|205.53~SVC|HC^95921|110|73.68||1~DTM|472|20151001~CAS|CO|45|16.02||44|1.5~CAS|PR|2|18.8|1~REF|6R|1570948231Z7~REF|HPI|1962447805~AMT|B6|93.98~PLB|690002|20151231|L6^20151111|-0.14~SE|155|0001~GE|1|1532~IEA|1|000001537~