ISA|00|          |00|          |ZZ|ZIRMED         |ZZ|GATE0084       |151103|0305|U|00401|000001495|1|P|^~GS|HP|ZIRMED|GATE0084|20151103|0305|1490|X|004010X091A1~ST|835|0001~BPR|I|153.99|C|CHK||||||||||||20151030~TRN|1|PH91447596|1411289245|000087726~DTM|405|20151030~N1|PR|UNITED HEALTHCARE INSURANCE COMPANY|XV|87726~N3|GREENSBORO SERVICE CENTER|P O BOX 740800~N4|ATLANTA|GA|303740800~REF|2U|87726~PER|CX|GREENSBORO SERVICE CENTER|TE|8778423210~N1|PE|SUMANA KETHA|XX|1063835361~N3|2925 SKYWAY CIR N~N4|IRVING|TX|750380000~REF|TJ|464596718~LX|1~TS3|1063835361|11|20151231|4|197~CLP|6131-3934|1|56|51.33||13|5243397645 0054041527|11|1~NM1|QC|1|VANJANI|HARSHIKA~NM1|IL|1|VANJANI|HARSHIKA||||MI|913826312~NM1|74|1||RAVI|V~NM1|82|1|KETHA|SUMANA||||XX|1962447805~MOA|||MA15~REF|1L|729748~REF|CE|CHOYC+~DTM|050|20151016~DTM|232|20151002~AMT|AU|56~SVC|HC^90654|23|22.33||1~DTM|472|20151002~CAS|CO|45|.67~REF|6R|1580292769Z3~AMT|B6|22.33~SVC|HC^90471|33|29||1~DTM|472|20151002~CAS|CO|45|4~REF|6R|1580292769Z4~AMT|B6|29~CLP|6143-4036|1|56|22.33||13|5256221961 0080598633|11|1~NM1|QC|1|KUMAR|OMI SANDEEP~NM1|IL|1|KUMAR|OMI SANDEEP||||MI|821071975~NM1|74|1|SANDEEP KUMAR|FNU~NM1|82|1|KETHA|SUMANA||||XX|1962447805~MOA|||MA15~REF|CE|CHOYC+~REF|1L|708963~DTM|050|20151027~DTM|232|20151020~AMT|AU|23~SVC|HC^90471^25|33|0||1~DTM|472|20151020~CAS|CO|4|33~REF|6R|1589122971Z1~SVC|HC^90654|23|22.33||1~DTM|472|20151020~CAS|CO|45|.67~REF|6R|1589122971Z2~AMT|B6|22.33~CLP|6143-4036|1|29|29||13|5256221961 0080598639|11|1~NM1|QC|1|KUMAR|OMI SANDEEP~NM1|IL|1|KUMAR|OMI SANDEEP||||MI|821071975~NM1|74|1|SANDEEP KUMAR|FNU~NM1|82|1|KETHA|SUMANA||||XX|1962447805~MOA|||MA15~REF|CE|CHOYC+~REF|1L|708963~DTM|050|20151027~DTM|232|20151020~AMT|AU|29~SVC|HC^96372|29|29||1~DTM|472|20151020~REF|6R|1589122971Z3~AMT|B6|29~CLP|6133-3943|1|56|51.33||13|5249211478 0054119853|11|1~NM1|QC|1|VANJANI|RAVI~NM1|IL|1|VANJANI|RAVI||||MI|913826312~NM1|74|1|||V~NM1|82|1|KETHA|SUMANA||||XX|1962447805~MOA|||MA15~REF|1L|729748~REF|CE|CHOYC+~DTM|050|20151021~DTM|232|20151002~AMT|AU|56~SVC|HC^90654|23|22.33||1~DTM|472|20151002~CAS|CO|45|.67~REF|6R|1584231109Z2~AMT|B6|22.33~SVC|HC^90471|33|29||1~DTM|472|20151002~CAS|CO|45|4~REF|6R|1584231109Z3~AMT|B6|29~SE|93|0001~ST|835|0002~BPR|I|17.66|C|CHK||||||||||||20151030~TRN|1|QC60174335|1411289245|000087726~DTM|405|20151030~N1|PR|UNITED HEALTHCARE INSURANCE COMPANY|XV|87726~N3|P O BOX 740800~N4|ATLANTA|GA|303740800~REF|2U|87726~PER|CX|SPRINGFIELD SERVICE CENTER|TE|8778423210~N1|PE|SUMANA KETHA|XX|1063835361~N3|2925 SKYWAY CIR N~N4|IRVING|TX|750380000~REF|TJ|464596718~LX|1~TS3|1063835361|11|20151231|2|291~CLP|6119-3922|1|57|17.66|30|13|5243397644 0208693768|11|1~NM1|QC|1|SHARMA|BAL|C~NM1|IL|1|SHARMA|BAL|C|||MI|909304762~NM1|82|1|KETHA|SUMANA||||XX|1962447805~REF|CE|CHOYC+~REF|1L|6P9778~DTM|050|20151016~DTM|232|20151002~AMT|AU|53~SVC|HC^99212^25|53|17.66||1~DTM|472|20151002~CAS|CO|45|5.34~CAS|PR|3|30~REF|6R|1580292772Z1~AMT|B6|47.66~SVC|HC^94760|4|0||1~DTM|472|20151002~CAS|CO|234|4~REF|6R|1580292772Z2~LQ|HE|M80~CLP|5709-4019|1|234|0|234|13|5256221962 0209602611|11|1~NM1|QC|1|RAGHUNATH|HEMANTH~NM1|IL|1|RAGHUNATH|HEMANTH||||MI|973276161~NM1|82|1|KETHA|SUMANA||||XX|1962447805~REF|1L|7S2700~REF|CE|CHOYC+~DTM|036|20141031~DTM|050|20151027~DTM|232|20151016~SVC|HC^99395^25|145|0||1~DTM|472|20151016~CAS|PR|27|145~REF|6R|1589122947Z1~SVC|HC^94760|4|0||1~DTM|472|20151016~CAS|PR|27|4~REF|6R|1589122947Z5~SVC|HC^90654|23|0||1~DTM|472|20151016~CAS|PR|27|23~REF|6R|1589122947Z2~SVC|HC^90471|33|0||1~DTM|472|20151016~CAS|PR|27|33~REF|6R|1589122947Z3~SVC|HC^96372|29|0||1~DTM|472|20151016~CAS|PR|27|29~REF|6R|1589122947Z4~SE|65|0002~ST|835|0003~BPR|H|0|C|NON||||||||||||20151030~TRN|1|QK05803329|1411289245|000087726~DTM|405|20151030~N1|PR|UNITED HEALTHCARE INSURANCE COMPANY|XV|87726~N3|GREENSBORO SERVICE CENTER|PO BOX 30555~N4|SALT LAKE CITY|UT|841300555~REF|2U|87726~PER|CX|GREENSBORO SERVICE CENTER|TE|8778423210~N1|PE|SUMANA KETHA|XX|1063835361~N3|2925 SKYWAY CIR N~N4|IRVING|TX|750380000~REF|TJ|464596718~LX|1~TS3|1063835361|11|20151231|3|192~CLP|6040-3923|1|134|0|120.49|13|9483540648 0019838858|11|1~NM1|QC|1|MAHAMOUD|MARYAM~NM1|IL|1|MAHAMOUD|MARYAM||||MI|929003678~NM1|74|1||MARYAN|K~NM1|82|1|KETHA|SUMANA||||XX|1962447805~MOA|||MA15~REF|1L|902732~REF|CE|COMP BA~DTM|050|20151017~DTM|232|20151002~AMT|AU|134~SVC|HC^99214^25|130|0||1~DTM|472|20151002~CAS|CO|45|13.34~CAS|PR|1|116.66~REF|6R|1580292771Z1~AMT|B6|116.66~SVC|HC^94760|4|0||1~DTM|472|20151002~CAS|CO|45|.17~CAS|PR|1|3.83~REF|6R|1580292771Z2~AMT|B6|3.83~CLP|6088-4011|1|29|0|4.39|13|5249211481 0019878020|11|1~NM1|QC|1|PATEL|VIPUL~NM1|IL|1|PATEL|VIPUL||||MI|940232384~NM1|82|1|KETHA|SUMANA||||XX|1962447805~MOA|||MA15~REF|1L|902732~REF|CE|COMP BA~DTM|050|20151021~DTM|232|20151015~AMT|AU|5~SVC|HC^99211^25|24|0||1~DTM|472|20151015~CAS|CO|234|24~REF|6R|1584219566Z1~LQ|HE|M80~SVC|HC^J3420|5|0||1~DTM|472|20151015~CAS|CO|45|.61~CAS|PR|1|4.39~REF|6R|1584219566Z2~AMT|B6|4.39~CLP|6088-4011|1|29|0|29|13|5249211481 0019878027|11|1~NM1|QC|1|PATEL|VIPUL~NM1|IL|1|PATEL|VIPUL||||MI|940232384~NM1|82|1|KETHA|SUMANA||||XX|1962447805~MOA|||MA15~REF|1L|902732~REF|CE|COMP BA~DTM|050|20151021~DTM|232|20151015~AMT|AU|29~SVC|HC^96372|29|0||1~DTM|472|20151015~CAS|PR|1|29~REF|6R|1584219566Z3~AMT|B6|29~SE|75|0003~GE|3|1490~IEA|1|000001495~