ISA|00|          |00|          |ZZ|ZIRMED         |29|E12705         |150721|0331|U|00401|000001166|0|P|^~GS|HP|ZIRMED|E12705|20150721|0331|1161|X|004010X091A1~ST|835|0001~BPR|H|0|C|NON||||||||||||20150721~TRN|1|459491367|1205296137~REF|EV|E12705~DTM|405|20150720~N1|PR|NOVITAS SOLUTIONS, INC.~N3|PO BOX 3110~N4|MECHANICSBURG|PA|170551826~REF|2U|04412~PER|CX||TE|8552528782~N1|PE|DFW GERIATRICS PLLC|XX|1063835361~N3|2925 SKYWAY CIRCLE NORTH~N4|IRVING|TX|750383510~REF|TJ|464596718~LX|1~CLP|3165-3484|1|124|0||MB|2815196143170|11|1~NM1|QC|1|GARNER|BOBBY||||HN|435769496A~NM1|82|1||||||XX|1962447805~MOA|||MA01~DTM|050|20150715~SVC|HC^G0181|124|0||||1~DTM|472|20150630~CAS|CO|B5|124~REF|6R|1499939580Z1~REF|LU|11~CLP|220-818|19|104|0|104|MB|2815196612260|31|1~NM1|QC|1|HOLCOMB|MICKEY|S|||HN|452969456M~NM1|82|1||||||XX|1962447805~NM1|TT|2|TX HEALTH & HUMAN SERVICES COMMI|||||PI|70051~MOA|||MA01|MA07~DTM|050|20150715~SVC|HC^99309|104|0||||1~DTM|472|20140715~CAS|PR|26|104~REF|6R|1500522681Z1~REF|LU|31~SE|37|0001~ST|835|0002~BPR|I|72.61|C|ACH|CCP|01|081517693|DA|152302017594|1205296137||01|111000025|DA|488038453432|20150721~TRN|1|890600945|1205296137~REF|EV|E12705~DTM|405|20150720~N1|PR|NOVITAS SOLUTIONS, INC.~N3|PO BOX 3110~N4|MECHANICSBURG|PA|170551826~REF|2U|04412~PER|CX||TE|8552528782~N1|PE|DFW GERIATRICS PLLC|XX|1063835361~N3|2925 SKYWAY CIRCLE NORTH~N4|IRVING|TX|750383510~REF|TJ|464596718~LX|1~CLP|410-3026|19|130|72.61|18.52|MB|2815188344420|11|1~NM1|QC|1|TAYLOR|LEONARD||||HN|426680464A~NM1|82|1||||||XX|1679978068~NM1|TT|2|TX HEALTH & HUMAN SERVICES COMMI|||||PI|70051~MOA|||MA01|MA07~DTM|050|20150707~SVC|HC^99214|130|72.61||1~DTM|472|20150602~CAS|CO|45|37.39||253|1.48~CAS|PR|2|18.52~REF|6R|1492674039Z1~REF|LU|11~AMT|B6|92.61~SE|29|0002~GE|2|1161~IEA|1|000001166~