ISA|00|          |00|          |ZZ|ZIRMED         |ZZ|611358935      |150915|1650|U|00401|000001361|0|P|^~GS|HP|ZIRMED|611358935|20150915|1650|1356|X|004010X091A1~ST|835|0001~BPR|I|82.82|C|ACH|CCP|01|093702139|DA|0601849573|1591031071||01|111000025|DA|488038453432|20150916~TRN|1|150912090030787|1591031071|62308~REF|EV|133052274~REF|F2|1~DTM|405|20150913~N1|PR|CIGNA HEALTH AND LIFE INSURANCE COMPANY~N3|P. O. BOX 182223~N4|CHATTANOOGA|TN|374227223~REF|2U|62308~N1|PE|DFW GERIATRICS PLLC|XX|1063835361~N3|2925 SKYWAY N CIR~N4|IRVING|TX|750383510~REF|TJ|464596718~LX|1~TS3|1063835361|11|20151231|2|176~CLP|5008-3789|1|88|16.89|61.34|13|7651525400449|11|1~NM1|QC|1|VUTUKURU|SOWJANYA||||MI|U5450739802~NM1|IL|1|VUTUKURU|SOWJANYA||||MI|U5450739801~NM1|82|1|KETHA|SUMANA|D|||XX|1962447805~REF|1L|2499754~REF|CE|OPEN ACCESS PLUS~DTM|050|20150911~DTM|232|20150903~DTM|233|20150903~PER|CX|MEMBER SERVICES|TE|8002446224~AMT|AU|78.23~SVC|HC^99213|88|16.89||1~CAS|CO|45|9.77~CAS|PR|1|57.12||2|4.22~REF|6R|1549360478Z1~AMT|B6|78.23~CLP|664-3767|2|88|65.93|12.3|13|9221525397105|11|1~NM1|QC|1|KOTTURI|SRINIVASARAO||||MI|U4098594601~NM1|74|1|KOTTURI|SRINIVAS||||C|U4098594601~NM1|82|1|KETHA|SUMANA|D|||XX|1962447805~REF|1L|3216892~REF|CE|OPEN ACCESS PLUS~DTM|050|20150910~DTM|232|20150626~DTM|233|20150626~PER|CX|MEMBER SERVICES|TE|8002446224~AMT|AU|78.23~SVC|HC^99213|88|65.93||1~CAS|OA|187|-65.93||23|75.7~CAS|PR|96|12.3~REF|6R|1547810368Z1~AMT|B6|78.23~LQ|HE|N216~SE|50|0001~GE|1|1356~IEA|1|000001361~