ISA|00|          |00|          |ZZ|ZIRMED         |ZZ|PAYER          |151202|0957|U|00401|000001604|0|P|^~GS|HP|ZIRMED|PROVIDERHIS|20151202|0957|1599|X|004010X091A1~ST|835|0001~BPR|I|169.14|C|ACH|CCP|01|061000104|DA|1000187147243|1742770542||01|111000025|DA|488038453432|20151202~TRN|1|0900015754|1742770542~REF|EV|999999999999999~DTM|405|20151202~N1|PR|ADVANTAGE BY SUPERIOR~N3|2100 SOUTH IH 35, SUITE 202~N4|AUSTIN|TX|78704~PER|CX||TE|8002252573~N1|PE|DFW GERIATRICS PLLC|XX|1063835361~N3|2925 SKWY CIR N~N4|IRVING|TX|75038~REF|TJ|464596718~LX|1~CLP|6138-4026|1|259|169.14|36.4|HM|O306MCE01675|11|E~NM1|QC|1|DELESMA|BETTY A||||MR|C0008217601~NM1|IL|1|DELESMA|BETTY|A|||MI|C0008217601~NM1|82|1|KETHA|SUMANA||||XX|1962447805~REF|EA|000000001074~REF|G2|690002~SVC|HC^99215^25|174|121.51||1~DTM|472|20151016~CAS|CO|45|19.01||44|2.48~CAS|PR|2|31|1~REF|6R|1594016784Z1~REF|HPI|1962447805~AMT|B6|154.99~SVC|HC^90654|23|0||1~DTM|472|20151016~CAS|CO|96|23~REF|6R|1594016784Z2~REF|HPI|1962447805~LQ|HE|N643~SVC|HC^90471|33|26.46||1~DTM|472|20151016~CAS|CO|45|6||44|.54~REF|6R|1594016784Z3~REF|HPI|1962447805~AMT|B6|27~SVC|HC^96372|29|21.17||1~DTM|472|20151016~CAS|CO|45|2||44|.43~CAS|PR|2|5.4|1~REF|6R|1594016784Z4~REF|HPI|1962447805~AMT|B6|27~SE|47|0001~GE|1|1599~IEA|1|000001604~