ISA|00|          |00|          |ZZ|ZIRMED         |ZZ|AV09311993     |150221|1526|U|00401|000000636|0|P|^~GS|HP|ZIRMED|AV01101957|20150221|1526|631|X|004010X091A1~ST|835|0001~BPR|I|16.29|C|CHK||||||||||||20150220~TRN|1|C15051117837700|1361236610|CP201502201178377000~REF|EV|TX8355010~DTM|405|20150220~N1|PR|BLUECROSS BLUESHIELD OF TEXAS~N3|P O BOX 660044~N4|DALLAS|TX|752660044~REF|2U|G84980~N1|PE|DFW GERIATRICS PLLC|XX|1063835361~N3|2925 SKYWAY CIR N~N4|IRVING|TX|750383510~REF|TJ|464596718~LX|1~CLP|338-1810|2|109|16.29||ZZ|02015051576293J0X00|33|1~NM1|QC|1|DUNN|MYRTLE|A|||MI|R04447801~NM1|82|1|MARCO|DALE|A|||XX|1952303547~REF|1L|0000FEPTX0102~REF|CE|MEDICARE CROSSOVER CLAIM~DTM|232|20141218~DTM|233|20141218~DTM|050|20150220~AMT|AU|81.46~SVC|HC^99335|109|16.29||1~DTM|472|20141218~CAS|CO|23|27.54~CAS|OA|23|65.17~REF|6R|1364378653Z1~AMT|B6|81.46~SE|30|0001~ST|835|0002~BPR|I|77.37|C|CHK||||||||||||20150220~TRN|1|C15051334355720|1361236610|CP201502203343557200~REF|EV|TX8355010~DTM|405|20150220~N1|PR|BLUECROSS BLUESHIELD OF TEXAS~N3|P O BOX 660044~N4|DALLAS|TX|752660044~REF|2U|G84980~N1|PE|DFW GERIATRICS PLLC|XX|1063835361~N3|2925 SKYWAY CIR N~N4|IRVING|TX|750383510~REF|TJ|464596718~LX|1~CLP|211-1841|2|84|14.03||15|0201504957815L30X00|31|1~NM1|QC|1|LEE|VERNIA|L|||MI|ZGM860032447~NM1|82|1|KETHA|SUMANA||||XX|1962447805~REF|1L|0000TX1030000~REF|CE|MEDICARE CROSSOVER CLAIM~DTM|232|20141016~DTM|233|20141016~DTM|050|20150218~AMT|AU|70.15~SVC|HC^99315|84|14.03||1~DTM|472|20141016~CAS|OA|23|69.97~REF|6R|1360859804Z1~AMT|B6|70.15~LX|2~CLP|285-1295|2|104|15.58||12|0201504957338J10X00|31|1~NM1|QC|1|MCVAY|J|D|||MI|AJL847138734~NM1|82|1|MARCO|DALE|A|||XX|1952303547~REF|1L|0000809460007~REF|CE|MEDICARE CROSSOVER CLAIM~DTM|232|20141015~DTM|233|20141015~DTM|050|20150218~AMT|AU|77.89~SVC|HC^99309|104|15.58||1~DTM|472|20141015~CAS|OA|23|80.64~CAS|PR|104|7.78~REF|6R|1363501906Z1~AMT|B6|77.89~LX|3~CLP|285-1292|2|104|15.58||12|0201504957338J20X00|31|1~NM1|QC|1|MCVAY|J|D|||MI|AJL847138734~NM1|82|1|MARCO|DALE|A|||XX|1952303547~REF|1L|0000809460007~REF|CE|MEDICARE CROSSOVER CLAIM~DTM|232|20141020~DTM|233|20141020~DTM|050|20150218~AMT|AU|77.89~SVC|HC^99309|104|15.58||1~DTM|472|20141020~CAS|OA|23|80.64~CAS|PR|104|7.78~REF|6R|1363505544Z1~AMT|B6|77.89~LX|4~CLP|285-1325|2|193|32.18||12|0201504957338J30X00|31|1~NM1|QC|1|MCVAY|J|D|||MI|AJL847138734~NM1|82|1|KETHA|SUMANA||||XX|1962447805~REF|1L|0000809460007~REF|CE|MEDICARE CROSSOVER CLAIM~DTM|232|20141002~DTM|233|20141002~DTM|050|20150218~AMT|AU|160.9~SVC|HC^99306|193|32.18||1~DTM|472|20141002~CAS|OA|23|160.82~REF|6R|1363501972Z1~AMT|B6|160.9~SE|76|0002~GE|2|631~IEA|1|000000636~