ISA|00|          |00|          |ZZ|ZIRMED         |29|E12705         |150924|0428|U|00401|000001401|0|P|^~GS|HP|ZIRMED|E12705|20150924|0428|1396|X|004010X091A1~ST|835|0001~BPR|I|352.08|C|ACH|CCP|01|081517693|DA|152302017594|1205296137||01|111000025|DA|488038453432|20150924~TRN|1|891059943|1205296137~REF|EV|E12705~DTM|405|20150923~N1|PR|NOVITAS SOLUTIONS, INC.~N3|PO BOX 3110~N4|MECHANICSBURG|PA|170551826~REF|2U|04412~PER|CX||TE|8552528782~N1|PE|DFW GERIATRICS PLLC|XX|1063835361~N3|2925 SKYWAY CIRCLE NORTH~N4|IRVING|TX|750383510~REF|TJ|464596718~LX|1~CLP|403-3806|1|148|92.29|23.54|MB|2815253754260|11|1~NM1|QC|1|GOFF|YOLANDA||||HN|559256714A~NM1|82|1||||||XX|1962447805~MOA|||MA01~DTM|050|20150910~SVC|HC^99214^25|130|81.56||1~DTM|472|20150903~CAS|CO|45|25.98||253|1.66~CAS|PR|2|20.8~REF|6R|1549360484Z1~REF|LU|11~AMT|B6|104.02~SVC|HC^99406|18|10.73||1~DTM|472|20150903~CAS|CO|45|4.31||253|.22~CAS|PR|2|2.74~REF|6R|1549360484Z2~REF|LU|11~AMT|B6|13.69~CLP|6115-3792|1|130|81.56|20.8|MB|2815253754250|11|1~NM1|QC|1|GRAMES|HARRY||||HN|368382222A~NM1|82|1||||||XX|1962447805~MOA|||MA01~DTM|050|20150910~SVC|HC^99214|130|81.56||1~DTM|472|20150903~CAS|CO|45|25.98||253|1.66~CAS|PR|2|20.8~REF|6R|1549360481Z1~REF|LU|11~AMT|B6|104.02~CLP|352-3796|1|24|15.11|3.85|MB|2815253754270|11|1~NM1|QC|1|RAYMOND|JAMES||||HN|565788029A~NM1|82|1||||||XX|1962447805~MOA|||MA01~DTM|050|20150910~SVC|HC^99211|24|15.11||1~DTM|472|20150723~CAS|CO|45|4.73||253|.31~CAS|PR|2|3.85~REF|6R|1549369318Z1~REF|LU|11~AMT|B6|19.27~CLP|6114-3791|19|130|81.56|20.8|MB|2815253754240|11|1~NM1|QC|1|ROBERTS|CAROL||||HN|452433604A~NM1|82|1||||||XX|1962447805~NM1|TT|2|TX HEALTH & HUMAN SERVICES COMMI|||||PI|70051~MOA|||MA01|MA27|MA07~DTM|050|20150910~SVC|HC^99214|130|81.56||1~DTM|472|20150903~CAS|CO|45|25.98||253|1.66~CAS|PR|2|20.8~REF|6R|1549360479Z1~REF|LU|11~AMT|B6|104.02~CLP|382-3797|1|130|81.56|20.8|MB|2815253754280|11|1~NM1|QC|1|TODD|LANA||||HN|449755855A~NM1|82|1||||||XX|1962447805~MOA|||MA01~DTM|050|20150910~SVC|HC^99214|130|81.56||1~DTM|472|20150724~CAS|CO|45|25.98||253|1.66~CAS|PR|2|20.8~REF|6R|1549369321Z1~REF|LU|11~AMT|B6|104.02~SE|84|0001~GE|1|1396~IEA|1|000001401~