ISA|00|          |00|          |ZZ|ZIRMED         |29|E12705         |150528|0214|U|00401|000000984|0|P|^~GS|HP|ZIRMED|E12705|20150528|0214|979|X|004010X091A1~ST|835|0001~BPR|I|2539.52|C|ACH|CCP|01|081517693|DA|152302017594|1205296137||01|111000025|DA|488038453432|20150528~TRN|1|890272737|1205296137~REF|EV|E12705~DTM|405|20150527~N1|PR|NOVITAS SOLUTIONS, INC.~N3|PO BOX 3110~N4|MECHANICSBURG|PA|170551826~REF|2U|04412~PER|CX||TE|8552528782~N1|PE|DFW GERIATRICS PLLC|XX|1063835361~N3|2925 SKYWAY CIRCLE NORTH~N4|IRVING|TX|750383510~REF|TJ|464596718~LX|1~CLP|420-2846|19|130|72.61|18.52|MB|2915134018680|11|1~NM1|QC|1|AGANON|ASTERIO||||HN|630768999A~NM1|82|1||||||XX|1679978068~NM1|TT|2|ASSURED LIFE ASSOCIATION|||||PI|30281~MOA|||MA01|MA18~DTM|050|20150514~SVC|HC^99214|130|72.61||1~DTM|472|20150429~CAS|CO|45|37.39||253|1.48~CAS|PR|2|18.52~REF|LU|11~REF|6R|1449521203Z1~AMT|B6|92.61~CLP|559-2847|19|130|72.61|18.52|MB|2915134018690|11|1~NM1|QC|1|AGANON|ROSITA||||HN|630769002A~NM1|82|1||||||XX|1679978068~NM1|TT|2|ASSURED LIFE ASSOCIATION|||||PI|30281~MOA|||MA01|MA18~DTM|050|20150514~SVC|HC^99214|130|72.61||1~DTM|472|20150429~CAS|CO|45|37.39||253|1.48~CAS|PR|2|18.52~REF|LU|11~REF|6R|1449521204Z1~AMT|B6|92.61~CLP|390-2823|19|130|81.14|20.7|MB|2915134018550|11|1~NM1|QC|1|ANDREWS|EDWARD||||HN|459842820A~NM1|82|1||||||XX|1962447805~NM1|TT|2|TX HEALTH & HUMAN SERVICES COMMI|||||PI|70051~MOA|||MA01|MA07~DTM|050|20150514~SVC|HC^99214|130|81.14||1~DTM|472|20150413~CAS|CO|45|26.5||253|1.66~CAS|PR|2|20.7~REF|LU|11~REF|6R|1449510153Z1~AMT|B6|103.5~CLP|348-2838|19|130|81.14|20.7|MB|2915134018640|11|1~NM1|QC|1|BEGUM|MAQBOOL||||HN|341889400M~NM1|82|1||||||XX|1962447805~NM1|TT|2|TX HEALTH & HUMAN SERVICES COMMI|||||PI|70051~MOA|||MA01|MA07~DTM|050|20150514~SVC|HC^99214|130|81.14||1~DTM|472|20150421~CAS|CO|45|26.5||253|1.66~CAS|PR|2|20.7~REF|LU|11~REF|6R|1449521199Z1~AMT|B6|103.5~CLP|304-2829|1|130|81.14|20.7|MB|2915134018590|11|1~NM1|QC|1|CEPEDA|MARGIE||||HN|429762401A~NM1|82|1||||||XX|1962447805~MOA|||MA01|MA15~DTM|050|20150514~SVC|HC^99214^25|130|81.14||1~DTM|472|20150417~CAS|CO|45|26.5||253|1.66~CAS|PR|2|20.7~REF|LU|11~REF|6R|1449510157Z1~AMT|B6|103.5~CLP|304-2837|1|88|54.66|13.95|MB|2915134018650|11|1~NM1|QC|1|CEPEDA|MARGIE||||HN|429762401A~NM1|82|1||||||XX|1962447805~MOA|||MA01~DTM|050|20150514~SVC|HC^99213|88|54.66||1~DTM|472|20150421~CAS|CO|45|18.27||253|1.12~CAS|PR|2|13.95~REF|LU|11~REF|6R|1449521200Z1~AMT|B6|69.73~CLP|304-2843|1|148|82.16|20.96|MB|2915134018670|11|1~NM1|QC|1|CEPEDA|MARGIE||||HN|429762401A~NM1|82|1||||||XX|1679978068~MOA|||MA01~DTM|050|20150514~SVC|HC^99214^25|130|72.61||1~DTM|472|20150427~CAS|CO|45|37.39||253|1.48~CAS|PR|2|18.52~REF|LU|11~REF|6R|1449521202Z1~AMT|B6|92.61~SVC|HC^99406|18|9.55||1~DTM|472|20150427~CAS|CO|45|5.81||253|.2~CAS|PR|2|2.44~REF|LU|11~REF|6R|1449521202Z2~AMT|B6|12.19~CLP|316-2820|1|174|97.88|24.97|MB|2915134018540|11|1~NM1|QC|1|DAVIS|MARY||||HN|414174432A~NM1|82|1||||||XX|1679978068~MOA|||MA01~DTM|050|20150514~SVC|HC^99215|174|97.88||1~DTM|472|20150403~CAS|CO|45|49.15||253|2~CAS|PR|2|24.97~REF|LU|11~REF|6R|1449510152Z1~AMT|B6|124.85~CLP|313-2830|19|130|81.14|20.7|MB|2915134018630|11|1~NM1|QC|1|FRICK|TERRY||||HN|467375415A~NM1|82|1||||||XX|1962447805~NM1|TT|2|ARKANSAS MEDICAID PROGRAM|||||PI|70017~MOA|||MA01|MA15|MA07~DTM|050|20150514~SVC|HC^99214^25|130|81.14||1~DTM|472|20150417~CAS|CO|45|26.5||253|1.66~CAS|PR|2|20.7~REF|LU|11~REF|6R|1449512287Z1~AMT|B6|103.5~CLP|403-2562|1|130|72.32|18.45|MB|2915134018470|11|1~NM1|QC|1|GOFF|YOLANDA||||HN|559256714A~NM1|82|1||||||XX|1679978068~MOA|||MA01|MA15~DTM|050|20150514~SVC|HC^99214|130|72.32||1~DTM|472|20141208~CAS|CO|45|37.75||253|1.48~CAS|PR|2|18.45~REF|LU|11~REF|6R|1449503896Z1~AMT|B6|92.25~CLP|403-2624|1|148|72.61|18.52|MB|2915134018480|11|1~NM1|QC|1|GOFF|YOLANDA||||HN|559256714A~NM1|82|1||||||XX|1679978068~MOA|||MA01~DTM|050|20150514~SVC|HC^99214^25|130|72.61||1~DTM|472|20150303~CAS|CO|45|37.39||253|1.48~CAS|PR|2|18.52~REF|LU|11~REF|6R|1449503897Z1~AMT|B6|92.61~SVC|HC^99406|18|0||||1~DTM|472|20150303~CAS|OA|18|18~REF|LU|11~REF|6R|1449503897Z2~LQ|HE|N522~CLP|403-2817|1|130|72.61|18.52|MB|2915134018490|11|1~NM1|QC|1|GOFF|YOLANDA||||HN|559256714A~NM1|82|1||||||XX|1679978068~MOA|||MA01~DTM|050|20150514~SVC|HC^99214|130|72.61||1~DTM|472|20150403~CAS|CO|45|37.39||253|1.48~CAS|PR|2|18.52~REF|LU|11~REF|6R|1449503898Z1~AMT|B6|92.61~CLP|403-2851|1|148|82.16|20.96|MB|2915134018500|11|1~NM1|QC|1|GOFF|YOLANDA||||HN|559256714A~NM1|82|1||||||XX|1679978068~MOA|||MA01~DTM|050|20150514~SVC|HC^99214^25|130|72.61||1~DTM|472|20150501~CAS|CO|45|37.39||253|1.48~CAS|PR|2|18.52~REF|LU|11~REF|6R|1449503899Z1~AMT|B6|92.61~SVC|HC^99406|18|9.55||1~DTM|472|20150501~CAS|CO|45|5.81||253|.2~CAS|PR|2|2.44~REF|LU|11~REF|6R|1449503899Z2~AMT|B6|12.19~CLP|6026-2848|1|386|226.43|57.75|MB|2915134018700|11|1~NM1|QC|1|HEIDLEBER|GEROGE||||HN|461465630A~NM1|82|1||||||XX|1962447805~MOA|||MA01~DTM|050|20150514~SVC|HC^99211^25|24|15.03||1~DTM|472|20150430~CAS|CO|45|4.83||253|.31~CAS|PR|2|3.83~REF|LU|11~REF|6R|1449521205Z1~AMT|B6|19.17~SVC|HC^95923|252|145.06||1~DTM|472|20150430~CAS|CO|45|66.98||253|2.96~CAS|PR|2|37~REF|LU|11~REF|6R|1449521205Z2~AMT|B6|185.02~SVC|HC^95921|110|66.34||1~DTM|472|20150430~CAS|CO|45|25.39||253|1.35~CAS|PR|2|16.92~REF|LU|11~REF|6R|1449521205Z3~AMT|B6|84.61~CLP|350-2831|19|174|109.4|27.91|MB|2915134018600|11|1~NM1|QC|1|HIGGS|CYNTHIA|G|||HN|460217469A~NM1|82|1||||||XX|1962447805~NM1|TT|2|TX HEALTH & HUMAN SERVICES COMMI|||||PI|70051~MOA|||MA01|MA07~DTM|050|20150514~SVC|HC^99215|174|109.4||1~DTM|472|20150417~CAS|CO|45|34.46||253|2.23~CAS|PR|2|27.91~REF|LU|11~REF|6R|1449510158Z1~AMT|B6|139.54~CLP|307-2818|19|192|107.43|27.41|MB|2915134018520|11|1~NM1|QC|1|NEAL|CHESTER||||HN|441625131A~NM1|82|1||||||XX|1679978068~NM1|TT|2|TX HEALTH & HUMAN SERVICES COMMI|||||PI|70051~MOA|||MA01|MA07~DTM|050|20150514~SVC|HC^99215^25|174|97.88||1~DTM|472|20150403~CAS|CO|45|49.15||253|2~CAS|PR|2|24.97~REF|LU|11~REF|6R|1449510150Z1~AMT|B6|124.85~SVC|HC^99406|18|9.55||1~DTM|472|20150403~CAS|CO|45|5.81||253|.2~CAS|PR|2|2.44~REF|LU|11~REF|6R|1449510150Z2~AMT|B6|12.19~CLP|349-2825|1|130|81.14|20.7|MB|2915134018560|11|1~NM1|QC|1|NEAL|MENFORD||||HN|458524052A~NM1|82|1||||||XX|1962447805~MOA|||MA01~DTM|050|20150514~SVC|HC^99214|130|81.14||1~DTM|472|20150413~CAS|CO|45|26.5||253|1.66~CAS|PR|2|20.7~REF|LU|11~REF|6R|1449510154Z1~AMT|B6|103.5~CLP|314-2827|1|24|15.03|3.83|MB|2915134018580|11|1~NM1|QC|1|PALMER|LARRY||||HN|382562993A~NM1|82|1||||||XX|1962447805~MOA|||MA01~DTM|050|20150514~SVC|HC^99211|24|15.03||1~DTM|472|20150413~CAS|CO|45|4.83||253|.31~CAS|PR|2|3.83~REF|LU|11~REF|6R|1449510156Z1~AMT|B6|19.17~CLP|314-2839|1|24|15.03|3.83|MB|2915134018660|11|1~NM1|QC|1|PALMER|LARRY||||HN|382562993A~NM1|82|1||||||XX|1962447805~MOA|||MA01~DTM|050|20150514~SVC|HC^99211|24|15.03||1~DTM|472|20150427~CAS|CO|45|4.83||253|.31~CAS|PR|2|3.83~REF|LU|11~REF|6R|1449521201Z1~AMT|B6|19.17~CLP|314-2858|1|24|15.03|3.83|MB|2915134018740|11|1~NM1|QC|1|PALMER|LARRY||||HN|382562993A~NM1|82|1||||||XX|1962447805~MOA|||MA01~DTM|050|20150514~SVC|HC^99211|24|15.03||1~DTM|472|20150504~CAS|CO|45|4.83||253|.31~CAS|PR|2|3.83~REF|LU|11~REF|6R|1449521209Z1~AMT|B6|19.17~CLP|315-2836|19|130|81.14|20.7|MB|2915134018620|11|1~NM1|QC|1|PATTILLO|CATHY||||HN|458297430A~NM1|82|1||||||XX|1962447805~NM1|TT|2|TX HEALTH & HUMAN SERVICES COMMI|||||PI|70051~MOA|||MA01|MA15|MA07~DTM|050|20150514~SVC|HC^99214^25|130|81.14||1~DTM|472|20150417~CAS|CO|45|26.5||253|1.66~CAS|PR|2|20.7~REF|LU|11~REF|6R|1449510161Z1~AMT|B6|103.5~CLP|352-2852|1|130|72.61|18.52|MB|2915134018710|11|1~NM1|QC|1|RAYMOND|JAMES||||HN|565788029A~NM1|82|1||||||XX|1679978068~MOA|||MA01~DTM|050|20150514~SVC|HC^99214|130|72.61||1~DTM|472|20150501~CAS|CO|45|37.39||253|1.48~CAS|PR|2|18.52~REF|LU|11~REF|6R|1449521206Z1~AMT|B6|92.61~CLP|310-2834|19|174|109.4|27.91|MB|2915134018770|11|1~NM1|QC|1|REED|LATOSHA||||HN|454497150A~NM1|82|1||||||XX|1962447805~NM1|TT|2|TX HEALTH & HUMAN SERVICES COMMI|||||PI|70051~MOA|||MA01|MA15|MA07~DTM|050|20150514~SVC|HC^99215^25|174|109.4||1~DTM|472|20150417~CAS|CO|45|34.46||253|2.23~CAS|PR|2|27.91~REF|LU|11~REF|6R|1449556896Z1~AMT|B6|139.54~CLP|347-2869|19|130|81.14|20.7|MB|2915134018750|11|1~NM1|QC|1|SOTO|JOSE||||HN|453040927A~NM1|82|1||||||XX|1962447805~NM1|TT|2|TX HEALTH & HUMAN SERVICES COMMI|||||PI|70051~MOA|||MA01|MA07~DTM|050|20150514~SVC|HC^99214|130|81.14||1~DTM|472|20150513~CAS|CO|45|26.5||253|1.66~CAS|PR|2|20.7~REF|LU|11~REF|6R|1449521210Z1~AMT|B6|103.5~CLP|3457-2826|1|130|81.14|20.7|MB|2915134018570|11|1~NM1|QC|1|STEVENSON|RANDY||||HN|457845417C2~NM1|82|1||||||XX|1962447805~MOA|||MA01|MA15~DTM|050|20150514~SVC|HC^99214^25|130|81.14||1~DTM|472|20150413~CAS|CO|45|26.5||253|1.66~CAS|PR|2|20.7~REF|LU|11~REF|6R|1449510155Z1~AMT|B6|103.5~CLP|362-2812|19|542|248.72|63.44|MB|2915134018510|11|1~NM1|QC|1|TAPPEN|FRANCES||||HN|510093885D~NM1|82|1||||||XX|1962447805~NM1|TT|2|WPS - TRICARE FOR LIFE|||||PI|60000~MOA|||MA01|MA18~DTM|050|20150514~SVC|HC^99203^25|124|0||||1~DTM|472|20150402~CAS|CO|B16|124~REF|LU|11~REF|6R|1449510149Z1~LQ|HE|M13~SVC|HC^95923|252|145.06||1~DTM|472|20150402~CAS|CO|45|66.98||253|2.96~CAS|PR|2|37~REF|LU|11~REF|6R|1449510149Z2~AMT|B6|185.02~SVC|HC^95921|110|66.34||1~DTM|472|20150402~CAS|CO|45|25.39||253|1.35~CAS|PR|2|16.92~REF|LU|11~REF|6R|1449510149Z3~AMT|B6|84.61~SVC|HC^69210|56|37.32||1~DTM|472|20150402~CAS|CO|45|8.4||253|.76~CAS|PR|2|9.52~REF|LU|11~REF|6R|1449510149Z4~AMT|B6|47.6~CLP|309-2855|19|130|72.61|18.52|MB|2915134018720|11|1~NM1|QC|1|VANDERPOOL|ADRIAN||||HN|466297262A~NM1|82|1||||||XX|1679978068~NM1|TT|2|TX HEALTH & HUMAN SERVICES COMMI|||||PI|70051~MOA|||MA01|MA07~DTM|050|20150514~SVC|HC^99214|130|72.61||1~DTM|472|20150501~CAS|CO|45|37.39||253|1.48~CAS|PR|2|18.52~REF|LU|11~REF|6R|1449521207Z1~AMT|B6|92.61~CLP|320-2856|1|148|91.82|23.42|MB|2915134018730|11|1~NM1|QC|1|VILLALPANDO|DIANA||||HN|457412151A~NM1|82|1||||||XX|1962447805~MOA|||MA01~DTM|050|20150514~SVC|HC^99214^25|130|81.14||1~DTM|472|20150501~CAS|CO|45|26.5||253|1.66~CAS|PR|2|20.7~REF|LU|11~REF|6R|1449521208Z1~AMT|B6|103.5~SVC|HC^99406|18|10.68||1~DTM|472|20150501~CAS|CO|45|4.38||253|.22~CAS|PR|2|2.72~REF|LU|11~REF|6R|1449521208Z2~AMT|B6|13.62~CLP|422-2819|1|130|72.61|18.52|MB|2915134018530|11|1~NM1|QC|1|WILSON|VIVIAN||||HN|463196861A~NM1|82|1||||||XX|1679978068~MOA|||MA01~DTM|050|20150514~SVC|HC^99214|130|72.61||1~DTM|472|20150403~CAS|CO|45|37.39||253|1.48~CAS|PR|2|18.52~REF|LU|11~REF|6R|1449510151Z1~AMT|B6|92.61~CLP|422-2833|1|88|54.66|13.95|MB|2915134018610|11|1~NM1|QC|1|WILSON|VIVIAN||||HN|463196861A~NM1|82|1||||||XX|1962447805~MOA|||MA01~DTM|050|20150514~SVC|HC^99213|88|54.66||1~DTM|472|20150417~CAS|CO|45|18.27||253|1.12~CAS|PR|2|13.95~REF|LU|11~REF|6R|1449510159Z1~AMT|B6|69.73~SE|456|0001~GE|1|979~IEA|1|000000984~