ISA|00|          |00|          |ZZ|ZIRMED         |ZZ|611358935      |150512|2325|U|00401|000000895|0|P|^~GS|HP|ZIRMED|611358935|20150512|2325|890|X|004010X091A1~ST|835|0001~BPR|I|96.02|C|CHK||||||||||||20150511~TRN|1|727527806|1591031071|62308~REF|EV|133052274~REF|F2|GWFC~DTM|405|20150511~N1|PR|GREATWESTHEALTHCARE-CIGNA~N3|8505 E. ORCHARD RD~N4|GREENWOOD VILLAGE|CO|80111~REF|2U|62308~PER|CX|GWHCEDIPROD|EM|EDIESCALATEDREQUESTS@CIGNA.COM|TE|8008103388~N1|PE|SUMANA D. KETHA|XX|1063835361~N3|2925 SKYWAY CIR N|STE B~N4|IRVING|TX|750383510~REF|PQ|200014846074~REF|TJ|464596718~LX|1~TS3|1063835361|11|20151231|1|130~CLP|5799-2774|1|130|96.02|20|15|150440641700|11~NM1|QC|1|ENGLE|NENITA||||MI|1021238380~NM1|82|1|KETHA|SUMANA||||XX|1962447805~REF|1L|00357478~DTM|050|20150509~AMT|AU|116.02~SVC|HC^99214|130|96.02||1~DTM|472|20150209~CAS|CO|45|13.98~CAS|PR|3|20~REF|6R|1444323102Z1~AMT|B6|116.02~SE|31|0001~GE|1|890~IEA|1|000000895~