ISA|00|          |00|          |ZZ|ZIRMED         |29|E12705         |150319|0114|U|00401|000000715|0|P|^~GS|HP|ZIRMED|E12705|20150319|0114|710|X|004010X091A1~ST|835|0001~BPR|H|0|C|NON||||||||||||20150319~TRN|1|458915066|1205296137~REF|EV|E12705~DTM|405|20150318~N1|PR|NOVITAS SOLUTIONS, INC.~N3|PO BOX 3110~N4|MECHANICSBURG|PA|170551826~REF|2U|04412~PER|CX||TE|8552528782~N1|PE|DFW GERIATRICS PLLC|XX|1063835361~N3|2925 SKYWAY CIRCLE NORTH~N4|IRVING|TX|750383510~REF|TJ|464596718~LX|1~CLP|322-2481|1|104|0||MB|2815058804450|31|1~NM1|QC|1|ALCORN|RITA||||HN|453524322A~NM1|82|1||||||XX|1962447805~MOA|||MA01~DTM|050|20150227~SVC|HC^99309|104|0||||1~DTM|472|20150205~CAS|CO|B9|104~REF|LU|31~REF|6R|1384828747Z1~LQ|HE|N90~CLP|322-2467|1|104|0||MB|2815058804700|31|1~NM1|QC|1|ALCORN|RITA||||HN|453524322A~NM1|82|1||||||XX|1952303547~MOA|||MA01~DTM|050|20150227~SVC|HC^99309|104|0||||1~DTM|472|20150209~CAS|CO|B9|104~REF|LU|31~REF|6R|1384834437Z1~LQ|HE|N90~CLP|98-2490|1|104|0||MB|2815058804800|32|1~NM1|QC|1|DELUNA|DAVID||||HN|466927987A~NM1|82|1||||||XX|1962447805~MOA|||MA01|MA27~DTM|050|20150227~SVC|HC^99309|104|0||||1~DTM|472|20150209~CAS|CO|B9|104~REF|LU|32~REF|6R|1384834442Z1~LQ|HE|N90~SE|49|0001~ST|835|0002~BPR|I|120.35|C|ACH|CCP|01|081517693|DA|152302017594|1205296137||01|111000025|DA|488038453432|20150319~TRN|1|889807323|1205296137~REF|EV|E12705~DTM|405|20150318~N1|PR|NOVITAS SOLUTIONS, INC.~N3|PO BOX 3110~N4|MECHANICSBURG|PA|170551826~REF|2U|04412~PER|CX||TE|8552528782~N1|PE|DFW GERIATRICS PLLC|XX|1063835361~N3|2925 SKYWAY CIRCLE NORTH~N4|IRVING|TX|750383510~REF|TJ|464596718~LX|1~CLP|79-2427|1|104|68.59|17.5|MB|2815064123640|32|1~NM1|QC|1|BURTON|DOLORES|J|||HN|456446751A~NM1|82|1||||||XX|1962447805~MOA|||MA01~DTM|050|20150305~SVC|HC^99309|104|68.59||1~DTM|472|20150126~CAS|CO|45|16.51||253|1.4~CAS|PR|2|17.5~REF|LU|32~REF|6R|1389322496Z1~AMT|B6|87.49~CLP|19-2538|19|79|51.76|13.2|MB|2815064123650|32|1~NM1|QC|1|RYLANDER|RICHARD||||HN|435661924A~NM1|82|1||||||XX|1962447805~NM1|TT|2|TX HEALTH & HUMAN SERVICES COMMI|||||PI|70051~MOA|||MA01|MA07~DTM|050|20150305~SVC|HC^99308|79|51.76||1~DTM|472|20150216~CAS|CO|45|12.98||253|1.06~CAS|PR|2|13.2~REF|LU|32~REF|6R|1389338124Z1~AMT|B6|66.02~SE|41|0002~GE|2|710~IEA|1|000000715~