ISA|00|          |00|          |ZZ|ZIRMED         |29|E12705         |150418|0636|U|00401|000000830|0|P|^~GS|HP|ZIRMED|E12705|20150418|0636|825|X|004010X091A1~ST|835|0001~BPR|H|0|C|NON||||||||||||20150420~TRN|1|459064267|1205296137~REF|EV|E12705~DTM|405|20150417~N1|PR|NOVITAS SOLUTIONS, INC.~N3|PO BOX 3110~N4|MECHANICSBURG|PA|170551826~REF|2U|04412~PER|CX||TE|8552528782~N1|PE|DFW GERIATRICS PLLC|XX|1063835361~N3|2925 SKYWAY CIRCLE NORTH~N4|IRVING|TX|750383510~REF|TJ|464596718~LX|1~CLP|218-876|1|193|0||MB|2815051847190|31|1~NM1|QC|1|JEFFREY|JOHN|G|||HN|450546301A~NM1|82|1||||||XX|1962447805~MOA|||MA01~DTM|050|20150220~SVC|HC^99306|193|0||||1~DTM|472|20140818~CAS|CO|50|193~REF|LU|31~REF|6R|1378275455Z1~LQ|HE|M25~LQ|HE|N102~CLP|78-2409|1|193|0||MB|2815055556840|32|1~NM1|QC|1|NELSON|HELEN|R|||HN|452520020M~NM1|82|1||||||XX|1962447805~MOA|||MA01~DTM|050|20150224~SVC|HC^99306|193|0||||1~DTM|472|20150220~CAS|CO|50|193~REF|LU|32~REF|6R|1381258667Z1~LQ|HE|M25~LQ|HE|N102~CLP|352-2619|1|61|0||MB|2815106739660|11|1~NM1|QC|1|RAYMOND|JAMES||||HN|565788029A~NM1|82|1||||||XX|1962447805~MOA|||MA01~DTM|050|20150416~SVC|HC^G0180|61|0||||1~DTM|472|20150319~CAS|OA|18|61~REF|LU|11~REF|6R|1425090764Z1~LQ|HE|N522~SE|51|0001~ST|835|0002~BPR|I|1078.95|C|ACH|CCP|01|081517693|DA|152302017594|1205296137||01|111000025|DA|488038453432|20150420~TRN|1|890008075|1205296137~REF|EV|E12705~DTM|405|20150417~N1|PR|NOVITAS SOLUTIONS, INC.~N3|PO BOX 3110~N4|MECHANICSBURG|PA|170551826~REF|2U|04412~PER|CX||TE|8552528782~N1|PE|DFW GERIATRICS PLLC|XX|1063835361~N3|2925 SKYWAY CIRCLE NORTH~N4|IRVING|TX|750383510~REF|TJ|464596718~LX|1~CLP|405-2590|19|79|51.76|13.2|MB|3815096101400|32|1~NM1|QC|1|BUTNER|JOANN||||HN|457565807A~NM1|82|1||||||XX|1962447805~NM1|TT|2|HCSC-BCBS OF TX-FEP B ONLY|||||PI|80012~MOA|||MA01|MA18~DTM|050|20150406~SVC|HC^99308|79|51.76||1~DTM|472|20150202~CAS|CO|45|12.98||253|1.06~CAS|PR|2|13.2~REF|LU|32~REF|6R|1416246883Z1~AMT|B6|66.02~CLP|405-2645|19|104|68.59|17.5|MB|3815096101420|32|1~NM1|QC|1|BUTNER|JOANN||||HN|457565807A~NM1|82|1||||||XX|1962447805~NM1|TT|2|HCSC-BCBS OF TX-FEP B ONLY|||||PI|80012~MOA|||MA01|MA18~DTM|050|20150406~SVC|HC^99309|104|68.59||1~DTM|472|20150216~CAS|CO|45|16.51||253|1.4~CAS|PR|2|17.5~REF|LU|32~REF|6R|1416246893Z1~AMT|B6|87.49~CLP|405-2646|19|51|33.52|8.55|MB|3815096101440|31|1~NM1|QC|1|BUTNER|JOANN||||HN|457565807A~NM1|82|1||||||XX|1962447805~NM1|TT|2|HCSC-BCBS OF TX-FEP B ONLY|||||PI|80012~MOA|||MA01|MA18~DTM|050|20150406~SVC|HC^99307|51|33.52||1~DTM|472|20150212~CAS|CO|45|8.25||253|.68~CAS|PR|2|8.55~REF|LU|31~REF|6R|1416247889Z1~AMT|B6|42.75~CLP|319-2629|1|130|72.61|18.52|MB|2815096567500|11|1~NM1|QC|1|CORTEZ|EDWARD||||HN|449473304A~NM1|82|1||||||XX|1679978068~MOA|||MA01~DTM|050|20150406~SVC|HC^99214|130|72.61||1~DTM|472|20150306~CAS|CO|45|37.39||253|1.48~CAS|PR|2|18.52~REF|LU|11~REF|6R|1414885990Z1~AMT|B6|92.61~CLP|316-2627|1|130|72.61|18.52|MB|2815096567490|11|1~NM1|QC|1|DAVIS|MARY||||HN|414174432A~NM1|82|1||||||XX|1679978068~MOA|||MA01~DTM|050|20150406~SVC|HC^99214|130|72.61||1~DTM|472|20150303~CAS|CO|45|37.39||253|1.48~CAS|PR|2|18.52~REF|LU|11~REF|6R|1414885987Z1~AMT|B6|92.61~CLP|384-2615|19|148|82.16|20.96|MB|2815096567430|11|1~NM1|QC|1|DRAKEJR|THOMAS||||HN|437713946A~NM1|82|1||||||XX|1679978068~NM1|TT|2|TX HEALTH & HUMAN SERVICES COMMI|||||PI|70051~MOA|||MA01|MA27|MA07~DTM|050|20150406~SVC|HC^99214^25|130|72.61||1~DTM|472|20150302~CAS|CO|45|37.39||253|1.48~CAS|PR|2|18.52~REF|LU|11~REF|6R|1414885977Z1~AMT|B6|92.61~SVC|HC^99406|18|9.55||1~DTM|472|20150302~CAS|CO|45|5.81||253|.2~CAS|PR|2|2.44~REF|LU|11~REF|6R|1414885977Z2~AMT|B6|12.19~CLP|421-2625|1|149|116.82|29.8|MB|2815096567470|11|1~NM1|QC|1|GAUNCE|JOAN|D|||HN|465980569A~NM1|82|1||||||XX|1679978068~MOA|||MA01~DTM|050|20150406~SVC|HC^99205|149|116.82||1~DTM|472|20150303~CAS|CO|253|2.38~CAS|PR|2|29.8~REF|LU|11~REF|6R|1414885983Z1~AMT|B6|149~CLP|383-2632|1|130|72.61|18.52|MB|2815096567520|11|1~NM1|QC|1|HUDGINS|NANCY||||HN|509380876A~NM1|82|1||||||XX|1679978068~MOA|||MA01~DTM|050|20150406~SVC|HC^99214|130|72.61||1~DTM|472|20150302~CAS|CO|45|37.39||253|1.48~CAS|PR|2|18.52~REF|LU|11~REF|6R|1414885996Z1~AMT|B6|92.61~CLP|245-2613|19|130|72.61|18.52|MB|2815096567420|11|1~NM1|QC|1|LOVE|VICKIE|S|||HN|458438671A~NM1|82|1||||||XX|1679978068~NM1|TT|2|TX HEALTH & HUMAN SERVICES COMMI|||||PI|70051~MOA|||MA01|MA07~DTM|050|20150406~SVC|HC^99214|130|72.61||1~DTM|472|20150309~CAS|CO|45|37.39||253|1.48~CAS|PR|2|18.52~REF|LU|11~REF|6R|1414885975Z1~AMT|B6|92.61~CLP|312-2616|1|130|72.61|18.52|MB|2815096567440|11|1~NM1|QC|1|MITCHELL|REBECCA||||HN|562745087A~NM1|82|1||||||XX|1679978068~MOA|||MA01~DTM|050|20150406~SVC|HC^99214|130|72.61||1~DTM|472|20150302~CAS|CO|45|37.39||253|1.48~CAS|PR|2|18.52~REF|LU|11~REF|6R|1414885978Z1~AMT|B6|92.61~CLP|307-2634|19|130|72.61|18.52|MB|2815096567530|11|1~NM1|QC|1|NEAL|CHESTER||||HN|441625131A~NM1|82|1||||||XX|1679978068~NM1|TT|2|TX HEALTH & HUMAN SERVICES COMMI|||||PI|70051~MOA|||MA01|MA07~DTM|050|20150406~SVC|HC^99214|130|72.61||1~DTM|472|20150306~CAS|CO|45|37.39||253|1.48~CAS|PR|2|18.52~REF|LU|11~REF|6R|1414885999Z1~AMT|B6|92.61~CLP|418-2626|1|130|72.61|18.52|MB|2815096567480|11|1~NM1|QC|1|TODD|MICHAEL|S|||HN|466453707A~NM1|82|1||||||XX|1679978068~MOA|||MA01~DTM|050|20150406~SVC|HC^99214|130|72.61||1~DTM|472|20150303~CAS|CO|45|37.39||253|1.48~CAS|PR|2|18.52~REF|LU|11~REF|6R|1414885986Z1~AMT|B6|92.61~CLP|317-2631|1|130|72.61|18.52|MB|2815096567510|11|1~NM1|QC|1|TWILLEY|EDWARD||||HN|458213375A~NM1|82|1||||||XX|1679978068~MOA|||MA01~DTM|050|20150406~SVC|HC^99214|130|72.61||1~DTM|472|20150306~CAS|CO|45|37.39||253|1.48~CAS|PR|2|18.52~REF|LU|11~REF|6R|1414885992Z1~AMT|B6|92.61~CLP|309-2617|19|130|72.61|18.52|MB|2815096567450|11|1~NM1|QC|1|VANDERPOOL|ADRIAN||||HN|466297262A~NM1|82|1||||||XX|1679978068~NM1|TT|2|TX HEALTH & HUMAN SERVICES COMMI|||||PI|70051~MOA|||MA01|MA07~DTM|050|20150406~SVC|HC^99214|130|72.61||1~DTM|472|20150302~CAS|CO|45|37.39||253|1.48~CAS|PR|2|18.52~REF|LU|11~REF|6R|1414885980Z1~AMT|B6|92.61~CLP|422-2628|1|130|72.61|18.52|MB|2815096567540|11|1~NM1|QC|1|WILSON|VIVIAN||||HN|463196861A~NM1|82|1||||||XX|1679978068~MOA|||MA01~DTM|050|20150406~SVC|HC^99214|130|72.61||1~DTM|472|20150303~CAS|CO|45|37.39||253|1.48~CAS|PR|2|18.52~REF|LU|11~REF|6R|1414898492Z1~AMT|B6|92.61~SE|210|0002~GE|2|825~IEA|1|000000830~