ISA|00|          |00|          |ZZ|ZIRMED         |ZZ|GATE0084       |151013|0424|U|00401|000001438|1|P|^~GS|HP|ZIRMED|GATE0084|20151013|0424|1433|X|004010X091A1~ST|835|0001~BPR|I|102.8|C|CHK||||||||||||20151009~TRN|1|PH91368067|1411289245|000087726~DTM|405|20151009~N1|PR|UNITED HEALTHCARE INSURANCE COMPANY|XV|87726~N3|GREENSBORO SERVICE CENTER|P O BOX 740800~N4|ATLANTA|GA|303740800~REF|2U|87726~PER|CX|GREENSBORO SERVICE CENTER|TE|8778423210~N1|PE|SUMANA KETHA|XX|1063835361~N3|2925 SKYWAY CIR N~N4|IRVING|TX|750380000~REF|TJ|464596718~LX|1~TS3|1063835361|11|20151231|1|124~CLP|6131-3915|1|124|102.8|15|13|5228567814 0053654040|11|1~NM1|QC|1|VANJANI|HARSHIKA~NM1|IL|1|VANJANI|HARSHIKA||||MI|913826312~NM1|74|1||RAVI|V~NM1|82|1|KETHA|SUMANA||||XX|1962447805~REF|1L|729748~REF|CE|CHOYC+~DTM|050|20151005~DTM|232|20150929~AMT|AU|124~SVC|HC^99203|124|102.8||1~DTM|472|20150929~CAS|CO|45|6.2~CAS|PR|3|15~REF|6R|1570007381Z1~AMT|B6|117.8~SE|32|0001~ST|835|0002~BPR|I|120.09|C|CHK||||||||||||20151009~TRN|1|QC10728196|1411289245|000087726~DTM|405|20151009~N1|PR|UNITED HEALTHCARE INSURANCE COMPANY|XV|87726~N3|GREENSBORO SERVICE CENTER|PO BOX 30555~N4|SALT LAKE CITY|UT|841300555~REF|2U|87726~PER|CX|GREENSBORO SERVICE CENTER|TE|8778423210~N1|PE|SUMANA KETHA|XX|1063835361~N3|2925 SKYWAY CIR N~N4|IRVING|TX|750380000~REF|TJ|464596718~LX|1~TS3|1063835361|11|20151231|1|145~CLP|6099-3872|1|145|120.09||13|5211716485 0018740909|11|1~NM1|QC|1|ESTREMERA|DENISE~NM1|IL|1|ESTREMERA|DENISE||||MI|923203345~NM1|82|1|KETHA|SUMANA||||XX|1962447805~REF|1L|902732~REF|CE|COMP BA~DTM|050|20150922~DTM|232|20150917~AMT|AU|145~SVC|HC^99395|145|120.09||1~DTM|472|20150917~CAS|CO|45|24.91~REF|6R|1559573079Z1~AMT|B6|120.09~SE|30|0002~GE|2|1433~IEA|1|000001438~