ISA|00|          |00|          |ZZ|ZIRMED         |ZZ|PAYER          |151106|1250|U|00401|000001523|0|P|^~GS|HP|ZIRMED|PROVIDERHIS|20151106|1250|1518|X|004010X091A1~ST|835|0001~BPR|I|132.97|C|ACH|CCP|01|111000614|DA|708031463|1208058761||01|111000025|DA|488038453432|20151106~TRN|1|1000919342|1208058761~REF|EV|472325~N1|PR|WELLCARE OF TEXAS, INC.|XV|208058761~N3|P.O. BOX 31370~N4|TAMPA|FL|33631~REF|2U|TMR~N1|PE|DFW GERIATRICS PLLC|FI|464596718~N3|2925 SKYWAY CIRCLE NORTH~N4|IRVING|TX|75038~LX|1~TS3|464596718|11|20151231|1|155~CLP|6146-4098|1|155|132.97||MB|585966101~NM1|QC|1|TADESSE|TSAHAI||||MI|16999891~NM1|82|1|KETHA|SUMANA||||XX|1962447805~REF|G2|520919~DTM|232|20151030~AMT|AU|135.68~SVC|HC^99396|155|132.97||1~DTM|472|20151030~CAS|CO|45|19.32~CAS|PI|253|2.71~REF|6R|1594018277Z1~AMT|B6|135.68~SE|26|0001~GE|1|1518~IEA|1|000001523~