ISA|00|          |00|          |ZZ|ZIRMED         |29|E12705         |150201|0250|U|00401|000000504|0|P|^~GS|HP|ZIRMED|E12705|20150201|0250|499|X|004010X091A1~ST|835|0001~BPR|H|0|C|NON||||||||||||20150202~TRN|1|458637269|1205296137~REF|EV|E12705~DTM|405|20150130~N1|PR|NOVITAS SOLUTIONS, INC.~N3|PO BOX 3110~N4|MECHANICSBURG|PA|170551826~REF|2U|04412~PER|CX||TE|8552528782~N1|PE|DFW GERIATRICS PLLC|XX|1063835361~N3|2925 SKYWAY CIRCLE NORTH~N4|IRVING|TX|750383510~REF|TJ|464596718~LX|1~CLP|102-1674|1|79|0||MB|2815013175840|32|1~NM1|QC|1|NEWELL|DIANE||||HN|428253521A~NM1|82|1||||||XX|1962447805~MOA|||MA130|MA27~DTM|050|20150113~SVC|HC^99308|79|0||||1~DTM|472|20141205~CAS|CO|140|79~REF|LU|32~REF|6R|1344075135Z1~LQ|HE|MA130~LQ|HE|MA27~SE|28|0001~GE|1|499~IEA|1|000000504~