ISA|00|          |00|          |ZZ|ZIRMED         |29|E12705         |150116|0616|U|00401|000000463|0|P|^~GS|HP|ZIRMED|E12705|20150116|0616|458|X|004010X091A1~ST|835|0001~BPR|H|0|C|NON||||||||||||20150116~TRN|1|458541563|1205296137~REF|EV|E12705~DTM|405|20150115~N1|PR|NOVITAS SOLUTIONS, INC.~N3|PO BOX 3110~N4|MECHANICSBURG|PA|170551826~REF|2U|04412~PER|CX||TE|8552528782~N1|PE|DFW GERIATRICS PLLC|XX|1063835361~N3|2925 SKYWAY CIRCLE NORTH~N4|IRVING|TX|750383510~REF|TJ|464596718~LX|1~CLP|102-1034|1|104|0||MB|2814356873480|32|1~NM1|QC|1|NEWELL|DIANE||||HN|428253521A~NM1|82|1||||||XX|1962447805~MOA|||MA130|MA27~DTM|050|20141222~SVC|HC^99309|104|0||||1~DTM|472|20140814~CAS|CO|140|104~REF|LU|32~REF|6R|1325982890Z1~LQ|HE|MA130~LQ|HE|MA27~CLP|102-1078|1|104|0||MB|2814356874720|32|1~NM1|QC|1|NEWELL|DIANE||||HN|428253521A~NM1|82|1||||||XX|1962447805~MOA|||MA130|MA27~DTM|050|20141222~SVC|HC^99309|104|0||||1~DTM|472|20141022~CAS|CO|140|104~REF|LU|32~REF|6R|1326084135Z1~LQ|HE|MA130~LQ|HE|MA27~CLP|102-1410|1|51|0||MB|2814358596530|32|1~NM1|QC|1|NEWELL|DIANE||||HN|428253521A~NM1|82|1||||||XX|1962447805~MOA|||MA130|MA27~DTM|050|20141224~SVC|HC^99307|51|0||||1~DTM|472|20140924~CAS|CO|140|51~REF|LU|32~REF|6R|1329920359Z1~LQ|HE|MA130~LQ|HE|MA27~CLP|102-1388|1|51|0||MB|2814358596740|32|1~NM1|QC|1|NEWELL|DIANE||||HN|428253521A~NM1|82|1||||||XX|1962447805~MOA|||MA130|MA27~DTM|050|20141224~SVC|HC^99307|51|0||||1~DTM|472|20140929~CAS|CO|140|51~REF|LU|32~REF|6R|1329926108Z1~LQ|HE|MA130~LQ|HE|MA27~SE|64|0001~ST|835|0002~BPR|I|6792.22|C|ACH|CCP|01|081517693|DA|152302017594|1205296137||01|111000025|DA|488038453432|20150116~TRN|1|889360532|1205296137~REF|EV|E12705~DTM|405|20150115~N1|PR|NOVITAS SOLUTIONS, INC.~N3|PO BOX 3110~N4|MECHANICSBURG|PA|170551826~REF|2U|04412~PER|CX||TE|8552528782~N1|PE|DFW GERIATRICS PLLC|XX|1063835361~N3|2925 SKYWAY CIRCLE NORTH~N4|IRVING|TX|750383510~REF|TJ|464596718~LX|1~CLP|270-1519|19|104|61.06|15.58|MB|2815002589020|31|1~NM1|QC|1|AMEZCUA|MARTHA||||HN|353488101D~NM1|82|1||||||XX|1952303547~NM1|TT|2|TX HEALTH & HUMAN SERVICES COMMI|||||PI|70051~MOA|||MA01|MA07~DTM|050|20150102~SVC|HC^99309|104|61.06||1~DTM|472|20141117~CAS|CO|45|26.11||253|1.25~CAS|PR|2|15.58~REF|LU|31~REF|6R|1335894916Z1~AMT|B6|77.89~CLP|270-1550|19|104|61.06|15.58|MB|2815002589590|31|1~NM1|QC|1|AMEZCUA|MARTHA||||HN|353488101D~NM1|82|1||||||XX|1952303547~NM1|TT|2|TX HEALTH & HUMAN SERVICES COMMI|||||PI|70051~MOA|||MA01|MA07~DTM|050|20150102~SVC|HC^99309|104|61.06||1~DTM|472|20141124~CAS|CO|45|26.11||253|1.25~CAS|PR|2|15.58~REF|LU|31~REF|6R|1335896250Z1~AMT|B6|77.89~CLP|254-1515|1|104|61.06|15.58|MB|2815002588980|31|1~NM1|QC|1|APPEL|DARVIN||||HN|446407960A~NM1|82|1||||||XX|1952303547~MOA|||MA01~DTM|050|20150102~SVC|HC^99309|104|61.06||1~DTM|472|20141117~CAS|CO|45|26.11||253|1.25~CAS|PR|2|15.58~REF|LU|31~REF|6R|1335894912Z1~AMT|B6|77.89~CLP|279-1517|1|51|30.05|7.67|MB|2815002589000|31|1~NM1|QC|1|BANNER|JOSEPHINE|M|||HN|575283550A~NM1|82|1||||||XX|1952303547~MOA|||MA01~DTM|050|20150102~SVC|HC^99307|51|30.05||1~DTM|472|20141117~CAS|CO|45|12.67||253|.61~CAS|PR|2|7.67~REF|LU|31~REF|6R|1335894914Z1~AMT|B6|38.33~CLP|169-321|19|51|30.05|7.67|MB|2814343699950|31|1~NM1|QC|1|BARKLEY|MARY||||HN|467427467A~NM1|82|1||||||XX|1952303547~NM1|TT|2|UNITEDHEALTH GROUP|||||PI|30002~MOA|||MA01|MA18~DTM|050|20141209~AMT|I|.01~SVC|HC^99307|51|30.05||1~DTM|472|20140702~CAS|CO|45|12.67||253|.61~CAS|PR|2|7.67~REF|LU|31~REF|6R|1314131750Z1~AMT|B6|38.33~CLP|169-998|19|154|90.09|22.98|MB|2814356872960|33|1~NM1|QC|1|BARKLEY|MARY||||HN|467427467A~NM1|82|1||||||XX|1952303547~NM1|TT|2|UNITEDHEALTH GROUP|||||PI|30002~MOA|||MA01|MA18~DTM|050|20141222~SVC|HC^99336|154|90.09||1~DTM|472|20141110~CAS|CO|45|39.09||253|1.84~CAS|PR|2|22.98~REF|LU|33~REF|6R|1325936423Z1~AMT|B6|114.91~CLP|169-1531|19|222|129.81|33.11|MB|2815002589400|33|1~NM1|QC|1|BARKLEY|MARY||||HN|467427467A~NM1|82|1||||||XX|1952303547~NM1|TT|2|UNITEDHEALTH GROUP|||||PI|30002~MOA|||MA01|MA18~DTM|050|20150102~SVC|HC^99337|222|129.81||1~DTM|472|20141120~CAS|CO|45|56.43||253|2.65~CAS|PR|2|33.11~REF|LU|33~REF|6R|1335896231Z1~AMT|B6|165.57~CLP|137-1543|19|109|63.87|16.29|MB|2815002589520|33|1~NM1|QC|1|BARNETT|JERRELL|A|||HN|466441735A~NM1|82|1||||||XX|1952303547~NM1|TT|2|TX HEALTH & HUMAN SERVICES COMMI|||||PI|70051~MOA|||MA01|MA07~DTM|050|20150102~SVC|HC^99335|109|63.87||1~DTM|472|20141125~CAS|CO|45|27.54||253|1.3~CAS|PR|2|16.29~REF|LU|33~REF|6R|1335896243Z1~AMT|B6|81.46~CLP|137-1555|19|193|126.15|32.18|MB|2815002589630|32|1~NM1|QC|1|BARNETT|JERRELL|A|||HN|466441735A~NM1|82|1||||||XX|1962447805~NM1|TT|2|TX HEALTH & HUMAN SERVICES COMMI|||||PI|70051~MOA|||MA01|MA07~DTM|050|20150102~SVC|HC^99306|193|126.15||1~DTM|472|20141203~CAS|CO|45|32.1||253|2.57~CAS|PR|2|32.18~REF|LU|32~REF|6R|1335896255Z1~AMT|B6|160.9~CLP|278-1518|19|104|61.06|15.58|MB|2815002589010|31|1~NM1|QC|1|BARNETT|WALTER|L|||HN|458342969A~NM1|82|1||||||XX|1952303547~NM1|TT|2|SIERRA HEALTH & LIFE INSURANCE C|||||PI|30096~MOA|||MA01|MA18~DTM|050|20150102~SVC|HC^99309|104|61.06||1~DTM|472|20141117~CAS|CO|45|26.11||253|1.25~CAS|PR|2|15.58~REF|LU|31~REF|6R|1335894915Z1~AMT|B6|77.89~CLP|278-1563|19|104|68.25|17.41|MB|2815002589670|31|1~NM1|QC|1|BARNETT|WALTER|L|||HN|458342969A~NM1|82|1||||||XX|1962447805~NM1|TT|2|SIERRA HEALTH & LIFE INSURANCE C|||||PI|30096~MOA|||MA01|MA18~DTM|050|20150102~SVC|HC^99309|104|68.25||1~DTM|472|20141204~CAS|CO|45|16.95||253|1.39~CAS|PR|2|17.41~REF|LU|31~REF|6R|1335896259Z1~AMT|B6|87.05~CLP|271-1522|19|104|61.06|15.58|MB|2815002589060|31|1~NM1|QC|1|BOYD|BETTYE|N|||HN|465347194A~NM1|82|1||||||XX|1952303547~NM1|TT|2|UNITEDHEALTHCARE|||||PI|00082~MOA|||MA01|MA18|N89~DTM|050|20150102~SVC|HC^99309|104|61.06||1~DTM|472|20141117~CAS|CO|45|26.11||253|1.25~CAS|PR|2|15.58~REF|LU|31~REF|6R|1335894920Z1~AMT|B6|77.89~CLP|271-1526|19|51|30.05|7.67|MB|2815002589360|31|1~NM1|QC|1|BOYD|BETTYE|N|||HN|465347194A~NM1|82|1||||||XX|1952303547~NM1|TT|2|UNITEDHEALTHCARE|||||PI|00082~MOA|||MA01|MA18|N89~DTM|050|20150102~SVC|HC^99307|51|30.05||1~DTM|472|20141120~CAS|CO|45|12.67||253|.61~CAS|PR|2|7.67~REF|LU|31~REF|6R|1335896209Z1~AMT|B6|38.33~CLP|296-1565|19|155|90.82|23.17|MB|2815002589690|31|1~NM1|QC|1|BRUHIN|GEROGIA||||HN|451221720A~NM1|82|1||||||XX|1952303547~NM1|TT|2|UNITEDHEALTH GROUP|||||PI|30002~MOA|||MA01|MA18~DTM|050|20150102~SVC|HC^99310|155|90.82||1~DTM|472|20141124~CAS|CO|45|39.16||253|1.85~CAS|PR|2|23.17~REF|LU|31~REF|6R|1335896261Z1~AMT|B6|115.84~CLP|139-1541|19|109|63.87|16.29|MB|2815002589500|33|1~NM1|QC|1|BUTNER|JOANN||||HN|457565807A~NM1|82|1||||||XX|1952303547~NM1|TT|2|HCSC-BCBS OF TX-FEP B ONLY|||||PI|80012~MOA|||MA01|MA18~DTM|050|20150102~SVC|HC^99335|109|63.87||1~DTM|472|20141120~CAS|CO|45|27.54||253|1.3~CAS|PR|2|16.29~REF|LU|33~REF|6R|1335896241Z1~AMT|B6|81.46~CLP|117-1530|19|109|63.87|16.29|MB|2815002589390|33|1~NM1|QC|1|CHANCE|EUGENIA||||HN|466209252D~NM1|82|1||||||XX|1952303547~NM1|TT|2|TX HEALTH & HUMAN SERVICES COMMI|||||PI|70051~MOA|||MA01|MA07~DTM|050|20150102~SVC|HC^99335|109|63.87||1~DTM|472|20141120~CAS|CO|45|27.54||253|1.3~CAS|PR|2|16.29~REF|LU|33~REF|6R|1335896212Z1~AMT|B6|81.46~CLP|120-1535|19|109|63.87|16.29|MB|2815002589440|33|1~NM1|QC|1|CROWDER|EVA||||HN|460445627A~NM1|82|1||||||XX|1952303547~NM1|TT|2|AETNA, INC.|||||PI|00060~MOA|||MA01|MA18~DTM|050|20150102~SVC|HC^99335|109|63.87||1~DTM|472|20141120~CAS|CO|45|27.54||253|1.3~CAS|PR|2|16.29~REF|LU|33~REF|6R|1335896235Z1~AMT|B6|81.46~CLP|95-1220|19|109|71.38|18.21|MB|2914356286160|33|1~NM1|QC|1|DAILY|TOM|A|||HN|467645645A~NM1|82|1||||||XX|1962447805~NM1|TT|2|TX HEALTH & HUMAN SERVICES COMMI|||||PI|70051~MOA|||MA01|MA07~DTM|050|20141222~SVC|HC^99335|109|71.38||1~DTM|472|20141016~CAS|CO|45|17.95||253|1.46~CAS|PR|2|18.21~REF|LU|33~REF|6R|1326367688Z1~AMT|B6|91.05~CLP|251-1484|1|234|152.6|38.93|MB|2815002589180|21|1~NM1|QC|1|DURHAM|EMANUEL||||HN|454787983A~NM1|82|1||||||XX|1962447805~MOA|||MA01~DTM|050|20150102~SVC|HC^99223|234|152.6||1~DTM|472|20141119~CAS|CO|45|39.36||253|3.11~CAS|PR|2|38.93~REF|LU|21~REF|6R|1335896191Z1~AMT|B6|194.64~CLP|251-1485|1|120|78.09|19.92|MB|2815002589190|21|1~NM1|QC|1|DURHAM|EMANUEL||||HN|454787983A~NM1|82|1||||||XX|1962447805~MOA|||MA01~DTM|050|20150102~SVC|HC^99233|120|78.09||1~DTM|472|20141120~CAS|CO|45|20.4||253|1.59~CAS|PR|2|19.92~REF|LU|21~REF|6R|1335896192Z1~AMT|B6|99.6~CLP|251-1487|1|120|78.09|19.92|MB|2815002589210|21|1~NM1|QC|1|DURHAM|EMANUEL||||HN|454787983A~NM1|82|1||||||XX|1962447805~MOA|||MA01~DTM|050|20150102~SVC|HC^99233|120|78.09||1~DTM|472|20141122~CAS|CO|45|20.4||253|1.59~CAS|PR|2|19.92~REF|LU|21~REF|6R|1335896194Z1~AMT|B6|99.6~CLP|251-1488|1|120|78.09|19.92|MB|2815002589220|21|1~NM1|QC|1|DURHAM|EMANUEL||||HN|454787983A~NM1|82|1||||||XX|1962447805~MOA|||MA01~DTM|050|20150102~SVC|HC^99233|120|78.09||1~DTM|472|20141123~CAS|CO|45|20.4||253|1.59~CAS|PR|2|19.92~REF|LU|21~REF|6R|1335896195Z1~AMT|B6|99.6~CLP|251-1489|1|226|147.26|37.56|MB|2815002589230|21|1~NM1|QC|1|DURHAM|EMANUEL||||HN|454787983A~NM1|82|1||||||XX|1962447805~MOA|||MA01~DTM|050|20150102~SVC|HC^99233^25|120|78.09||1~DTM|472|20141124~CAS|CO|45|20.4||253|1.59~CAS|PR|2|19.92~REF|LU|21~REF|6R|1335896196Z1~AMT|B6|99.6~SVC|HC^99356|106|69.17||1~DTM|472|20141124~CAS|CO|45|17.78||253|1.41~CAS|PR|2|17.64~REF|LU|21~REF|6R|1335896196Z2~AMT|B6|88.22~CLP|127-1558|19|51|33.58|8.57|MB|2815002589090|32|1~NM1|QC|1|GALIMORE|FELIXD||||HN|439522668A~NM1|82|1||||||XX|1962447805~NM1|TT|2|TX HEALTH & HUMAN SERVICES COMMI|||||PI|70051~MOA|||MA01|MA07~DTM|050|20150102~SVC|HC^99307|51|33.58||1~DTM|472|20141103~CAS|CO|45|8.16||253|.69~CAS|PR|2|8.57~REF|LU|32~REF|6R|1335894923Z1~AMT|B6|42.84~CLP|128-1559|19|51|33.58|8.57|MB|2815002589100|32|1~NM1|QC|1|GARCIA|HERALDO||||HN|458840277A~NM1|82|1||||||XX|1962447805~NM1|TT|2|TX HEALTH & HUMAN SERVICES COMMI|||||PI|70051~MOA|||MA01|MA07~DTM|050|20150102~SVC|HC^99307|51|33.58||1~DTM|472|20141103~CAS|CO|45|8.16||253|.69~CAS|PR|2|8.57~REF|LU|32~REF|6R|1335894924Z1~AMT|B6|42.84~CLP|258-1553|19|104|61.06|15.58|MB|2815002589700|31|1~NM1|QC|1|HARGIS|VIRGINA|R|||HN|311209792D~NM1|82|1||||||XX|1952303547~NM1|TT|2|AMERICAN REPUBLIC INSURANCE CO|||||PI|30176~MOA|||MA01|MA18~DTM|050|20150102~SVC|HC^99309|104|61.06||1~DTM|472|20141124~CAS|CO|45|26.11||253|1.25~CAS|PR|2|15.58~REF|LU|31~REF|6R|1335896442Z1~AMT|B6|77.89~CLP|11-1127|19|104|68.25|17.41|MB|2814356873030|31|1~NM1|QC|1|HOCHMUTH|BERNICE|D|||HN|106201099A~NM1|82|1||||||XX|1962447805~NM1|TT|2|TX HEALTH & HUMAN SERVICES COMMI|||||PI|70051~MOA|||MA01|MA07~DTM|050|20141222~SVC|HC^99309|104|68.25||1~DTM|472|20140818~CAS|CO|45|16.95||253|1.39~CAS|PR|2|17.41~REF|LU|31~REF|6R|1325950391Z1~AMT|B6|87.05~CLP|171-1529|19|109|63.87|16.29|MB|2815002589380|33|1~NM1|QC|1|HUYNH|MAU|T|||HN|640241790A~NM1|82|1||||||XX|1952303547~NM1|TT|2|TX HEALTH & HUMAN SERVICES COMMI|||||PI|70051~MOA|||MA01|MA07~DTM|050|20150102~SVC|HC^99335|109|63.87||1~DTM|472|20141120~CAS|CO|45|27.54||253|1.3~CAS|PR|2|16.29~REF|LU|33~REF|6R|1335896211Z1~AMT|B6|81.46~CLP|144-1540|19|104|61.06|15.58|MB|2815002589490|31|1~NM1|QC|1|JONES|FRANCES|C|||HN|254282932D6~NM1|82|1||||||XX|1952303547~NM1|TT|2|UNITEDHEALTH GROUP|||||PI|30002~MOA|||MA01|MA18~DTM|050|20150102~SVC|HC^99309|104|61.06||1~DTM|472|20141120~CAS|CO|45|26.11||253|1.25~CAS|PR|2|15.58~REF|LU|31~REF|6R|1335896240Z1~AMT|B6|77.89~CLP|273-1551|19|104|61.06|15.58|MB|2815002589600|31|1~NM1|QC|1|JONES|NORAMAN|K|||HN|720074281A~NM1|82|1||||||XX|1952303547~NM1|TT|2|BLUE CROSS OF CALIFORNIA|||||PI|00170~MOA|||MA01|MA18~DTM|050|20150102~SVC|HC^99309|104|61.06||1~DTM|472|20141124~CAS|CO|45|26.11||253|1.25~CAS|PR|2|15.58~REF|LU|31~REF|6R|1335896251Z1~AMT|B6|77.89~CLP|59-1513|19|222|129.81|33.11|MB|2815002588960|33|1~NM1|QC|1|KEILSON|GERALD|R|||HN|462301721A~NM1|82|1||||||XX|1952303547~NM1|TT|2|AMA INSURANCE AGENCY, INC.|||||PI|30150~MOA|||MA01|MA18~DTM|050|20150102~SVC|HC^99337|222|129.81||1~DTM|472|20141117~CAS|CO|45|56.43||253|2.65~CAS|PR|2|33.11~REF|LU|33~REF|6R|1335894910Z1~AMT|B6|165.57~CLP|158-1557|19|51|33.58|8.57|MB|2815002589080|32|1~NM1|QC|1|LUCKETT|MARY||||HN|523464493A~NM1|82|1||||||XX|1962447805~NM1|TT|2|TX HEALTH & HUMAN SERVICES COMMI|||||PI|70051~MOA|||MA01|MA07~DTM|050|20150102~SVC|HC^99307|51|33.58||1~DTM|472|20141103~CAS|CO|45|8.16||253|.69~CAS|PR|2|8.57~REF|LU|32~REF|6R|1335894922Z1~AMT|B6|42.84~CLP|25-1546|19|109|63.87|16.29|MB|2815002589550|33|1~NM1|QC|1|MARTINEZ|ROSA||||HN|564746716D~NM1|82|1||||||XX|1952303547~NM1|TT|2|TX HEALTH & HUMAN SERVICES COMMI|||||PI|70051~MOA|||MA01|MA07~DTM|050|20150102~SVC|HC^99335|109|63.87||1~DTM|472|20141125~CAS|CO|45|27.54||253|1.3~CAS|PR|2|16.29~REF|LU|33~REF|6R|1335896246Z1~AMT|B6|81.46~CLP|294-1490|1|315|167.74|42.79|MB|2815002589240|21|1~NM1|QC|1|MEADOWS|JUSTIN||||HN|456449493C1~NM1|82|1||||||XX|1962447805~MOA|||MA01~DTM|050|20150102~SVC|HC^99291|315|167.74||1~DTM|472|20141120~CAS|CO|45|101.05||253|3.42~CAS|PR|2|42.79~REF|LU|21~REF|6R|1335896197Z1~AMT|B6|213.95~LQ|HE|N535~CLP|294-1491|1|315|167.74|42.79|MB|2815002589250|21|1~NM1|QC|1|MEADOWS|JUSTIN||||HN|456449493C1~NM1|82|1||||||XX|1962447805~MOA|||MA01~DTM|050|20150102~SVC|HC^99291|315|167.74||1~DTM|472|20141121~CAS|CO|45|101.05||253|3.42~CAS|PR|2|42.79~REF|LU|21~REF|6R|1335896198Z1~AMT|B6|213.95~LQ|HE|N535~CLP|294-1492|1|120|78.09|19.92|MB|2815002589260|21|1~NM1|QC|1|MEADOWS|JUSTIN||||HN|456449493C1~NM1|82|1||||||XX|1962447805~MOA|||MA01~DTM|050|20150102~SVC|HC^99233|120|78.09||1~DTM|472|20141122~CAS|CO|45|20.4||253|1.59~CAS|PR|2|19.92~REF|LU|21~REF|6R|1335896199Z1~AMT|B6|99.6~CLP|294-1493|1|120|78.09|19.92|MB|2815002589270|21|1~NM1|QC|1|MEADOWS|JUSTIN||||HN|456449493C1~NM1|82|1||||||XX|1962447805~MOA|||MA01~DTM|050|20150102~SVC|HC^99233|120|78.09||1~DTM|472|20141123~CAS|CO|45|20.4||253|1.59~CAS|PR|2|19.92~REF|LU|21~REF|6R|1335896200Z1~AMT|B6|99.6~CLP|294-1494|1|226|147.26|37.56|MB|2815002589280|21|1~NM1|QC|1|MEADOWS|JUSTIN||||HN|456449493C1~NM1|82|1||||||XX|1962447805~MOA|||MA01~DTM|050|20150102~SVC|HC^99233^25|120|78.09||1~DTM|472|20141124~CAS|CO|45|20.4||253|1.59~CAS|PR|2|19.92~REF|LU|21~REF|6R|1335896201Z1~AMT|B6|99.6~SVC|HC^99356|106|69.17||1~DTM|472|20141124~CAS|CO|45|17.78||253|1.41~CAS|PR|2|17.64~REF|LU|21~REF|6R|1335896201Z2~AMT|B6|88.22~CLP|214-1523|19|104|61.06|15.58|MB|2815002589050|31|1~NM1|QC|1|MILLER|WILLIAM|C|||HN|458344463A~NM1|82|1||||||XX|1952303547~NM1|TT|2|AETNA, INC.|||||PI|00060~MOA|||MA01|MA18~DTM|050|20150102~SVC|HC^99309|104|61.06||1~DTM|472|20141117~CAS|CO|45|26.11||253|1.25~CAS|PR|2|15.58~REF|LU|31~REF|6R|1335894919Z1~AMT|B6|77.89~CLP|214-1548|19|104|61.06|15.58|MB|2815002589570|31|1~NM1|QC|1|MILLER|WILLIAM|C|||HN|458344463A~NM1|82|1||||||XX|1952303547~NM1|TT|2|AETNA, INC.|||||PI|00060~MOA|||MA01|MA18~DTM|050|20150102~SVC|HC^99309|104|61.06||1~DTM|472|20141124~CAS|CO|45|26.11||253|1.25~CAS|PR|2|15.58~REF|LU|31~REF|6R|1335896248Z1~AMT|B6|77.89~CLP|253-952|19|51|33.58|8.57|MB|2814356872450|32|1~NM1|QC|1|MIXON|MARION||||HN|418423701A~NM1|82|1||||||XX|1962447805~NM1|TT|2|TX HEALTH & HUMAN SERVICES COMMI|||||PI|70051~MOA|||MA01|MA07~DTM|050|20141222~SVC|HC^99307|51|33.58||1~DTM|472|20141111~CAS|CO|45|8.16||253|.69~CAS|PR|2|8.57~REF|LU|32~REF|6R|1325837292Z1~AMT|B6|42.84~CLP|253-1040|19|104|68.25|17.41|MB|2814356873110|32|1~NM1|QC|1|MIXON|MARION||||HN|418423701A~NM1|82|1||||||XX|1962447805~NM1|TT|2|TX HEALTH & HUMAN SERVICES COMMI|||||PI|70051~MOA|||MA01|MA07~DTM|050|20141222~SVC|HC^99309|104|68.25||1~DTM|472|20140814~CAS|CO|45|16.95||253|1.39~CAS|PR|2|17.41~REF|LU|32~REF|6R|1325959274Z1~AMT|B6|87.05~CLP|262-1528|1|79|46.35|11.82|MB|2815002589370|31|1~NM1|QC|1|MIZELL|BETTY|C|||HN|456521535A~NM1|82|1||||||XX|1952303547~MOA|||MA01~DTM|050|20150102~SVC|HC^99308|79|46.35||1~DTM|472|20141120~CAS|CO|45|19.88||253|.95~CAS|PR|2|11.82~REF|LU|31~REF|6R|1335896210Z1~AMT|B6|59.12~CLP|29-1516|19|104|61.06|15.58|MB|2815002588990|31|1~NM1|QC|1|MOFFATT|RUBY|S|||HN|511149871B~NM1|82|1||||||XX|1952303547~NM1|TT|2|NORTH AMERICAN INSURANCE COMPANY|||||PI|30155~MOA|||MA01|MA18~DTM|050|20150102~SVC|HC^99309|104|61.06||1~DTM|472|20141117~CAS|CO|45|26.11||253|1.25~CAS|PR|2|15.58~REF|LU|31~REF|6R|1335894913Z1~AMT|B6|77.89~CLP|29-1554|19|104|61.06|15.58|MB|2815002589620|31|1~NM1|QC|1|MOFFATT|RUBY|S|||HN|511149871B~NM1|82|1||||||XX|1952303547~NM1|TT|2|NORTH AMERICAN INSURANCE COMPANY|||||PI|30155~MOA|||MA01|MA18~DTM|050|20150102~SVC|HC^99309|104|61.06||1~DTM|472|20141124~CAS|CO|45|26.11||253|1.25~CAS|PR|2|15.58~REF|LU|31~REF|6R|1335896254Z1~AMT|B6|77.89~CLP|29-1561|19|104|68.25|17.41|MB|2815002589640|31|1~NM1|QC|1|MOFFATT|RUBY|S|||HN|511149871B~NM1|82|1||||||XX|1962447805~NM1|TT|2|NORTH AMERICAN INSURANCE COMPANY|||||PI|30155~MOA|||MA01|MA18~DTM|050|20150102~SVC|HC^99309|104|68.25||1~DTM|472|20141204~CAS|CO|45|16.95||253|1.39~CAS|PR|2|17.41~REF|LU|31~REF|6R|1335896256Z1~AMT|B6|87.05~CLP|165-1532|19|109|63.87|16.29|MB|2815002589410|33|1~NM1|QC|1|MORENO|MARIA|L|||HN|465183762D~NM1|82|1||||||XX|1952303547~NM1|TT|2|UNITEDHEALTH GROUP|||||PI|30002~MOA|||MA01|MA18~DTM|050|20150102~SVC|HC^99335|109|63.87||1~DTM|472|20141120~CAS|CO|45|27.54||253|1.3~CAS|PR|2|16.29~REF|LU|33~REF|6R|1335896232Z1~AMT|B6|81.46~CLP|165-1562|19|104|68.25|17.41|MB|2815002589660|31|1~NM1|QC|1|MORENO|MARIA|L|||HN|465183762D~NM1|82|1||||||XX|1962447805~NM1|TT|2|UNITEDHEALTH GROUP|||||PI|30002~MOA|||MA01|MA18~DTM|050|20150102~SVC|HC^99309|104|68.25||1~DTM|472|20141204~CAS|CO|45|16.95||253|1.39~CAS|PR|2|17.41~REF|LU|31~REF|6R|1335896258Z1~AMT|B6|87.05~CLP|52-1545|19|109|63.87|16.29|MB|2815002589540|33|1~NM1|QC|1|MORSE|TRACY||||HN|462420991A~NM1|82|1||||||XX|1952303547~NM1|TT|2|AETNA, INC.|||||PI|00060~MOA|||MA01|MA18~DTM|050|20150102~SVC|HC^99335|109|63.87||1~DTM|472|20141125~CAS|CO|45|27.54||253|1.3~CAS|PR|2|16.29~REF|LU|33~REF|6R|1335896245Z1~AMT|B6|81.46~CLP|231-1524|19|104|61.06|15.58|MB|2815002589070|31|1~NM1|QC|1|NGUYEN|BEIN|D|||HN|638323190A~NM1|82|1||||||XX|1952303547~NM1|TT|2|TX HEALTH & HUMAN SERVICES COMMI|||||PI|70051~MOA|||MA01|MA07~DTM|050|20150102~SVC|HC^99309|104|61.06||1~DTM|472|20141117~CAS|CO|45|26.11||253|1.25~CAS|PR|2|15.58~REF|LU|31~REF|6R|1335894921Z1~AMT|B6|77.89~CLP|20-1537|19|109|63.87|16.29|MB|2815002589460|33|1~NM1|QC|1|PAGE|ROBERT|H|||HN|275349947A~NM1|82|1||||||XX|1952303547~NM1|TT|2|TX HEALTH & HUMAN SERVICES COMMI|||||PI|70051~MOA|||MA01|MA07~DTM|050|20150102~SVC|HC^99335|109|63.87||1~DTM|472|20141120~CAS|CO|45|27.54||253|1.3~CAS|PR|2|16.29~REF|LU|33~REF|6R|1335896237Z1~AMT|B6|81.46~CLP|58-932|19|84|55|14.03|MB|2814356875790|31|1~NM1|QC|1|PASEK|VELMA|L|||HN|487092006D~NM1|82|1||||||XX|1962447805~NM1|TT|2|HCSC-BCBS OF TX-FEP B ONLY|||||PI|80012~MOA|||MA01|MA18~DTM|050|20141222~SVC|HC^99315|84|55||1~DTM|472|20140920~CAS|CO|45|13.85||253|1.12~CAS|PR|2|14.03~REF|LU|31~REF|6R|1326085802Z1~AMT|B6|70.15~CLP|176-313|19|51|30.05|7.67|MB|2814343699870|31|1~NM1|QC|1|PILGRIM|NELL|L|||HN|411098338D~NM1|82|1||||||XX|1952303547~NM1|TT|2|UNITEDHEALTH GROUP|||||PI|30002~MOA|||MA01|MA18~DTM|050|20141209~AMT|I|.01~SVC|HC^99307|51|30.05||1~DTM|472|20140626~CAS|CO|45|12.67||253|.61~CAS|PR|2|7.67~REF|LU|31~REF|6R|1314066590Z1~AMT|B6|38.33~CLP|176-1001|19|222|145.08|37.01|MB|2814356872800|33|1~NM1|QC|1|PILGRIM|NELL|L|||HN|411098338D~NM1|82|1||||||XX|1962447805~NM1|TT|2|UNITEDHEALTH GROUP|||||PI|30002~MOA|||MA01|MA18~DTM|050|20141222~SVC|HC^99337|222|145.08||1~DTM|472|20141027~CAS|CO|45|36.95||253|2.96~CAS|PR|2|37.01~REF|LU|33~REF|6R|1325914599Z1~AMT|B6|185.05~CLP|176-1136|19|222|129.81|33.11|MB|2814356874170|33|1~NM1|QC|1|PILGRIM|NELL|L|||HN|411098338D~NM1|82|1||||||XX|1952303547~NM1|TT|2|UNITEDHEALTH GROUP|||||PI|30002~MOA|||MA01|MA18~DTM|050|20141222~SVC|HC^99337|222|129.81||1~DTM|472|20141103~CAS|CO|45|56.43||253|2.65~CAS|PR|2|33.11~REF|LU|33~REF|6R|1326083989Z1~AMT|B6|165.57~CLP|295-1511|1|155|90.82|23.17|MB|2815002588940|31|1~NM1|QC|1|PURYEAR|WALLACE||||HN|242520683A~NM1|82|1||||||XX|1952303547~MOA|||MA01~DTM|050|20150102~SVC|HC^99310|155|90.82||1~DTM|472|20141117~CAS|CO|45|39.16||253|1.85~CAS|PR|2|23.17~REF|LU|31~REF|6R|1335894908Z1~AMT|B6|115.84~CLP|134-1538|19|109|63.87|16.29|MB|2815002589470|33|1~NM1|QC|1|RUBIO|JANE||||HN|456449295B~NM1|82|1||||||XX|1952303547~NM1|TT|2|TX HEALTH & HUMAN SERVICES COMMI|||||PI|70051~MOA|||MA01|MA07~DTM|050|20150102~SVC|HC^99335|109|63.87||1~DTM|472|20141120~CAS|CO|45|27.54||253|1.3~CAS|PR|2|16.29~REF|LU|33~REF|6R|1335896238Z1~AMT|B6|81.46~CLP|23-1536|19|109|63.87|16.29|MB|2815002589450|33|1~NM1|QC|1|RUBIO|ROBERT||||HN|456449295A~NM1|82|1||||||XX|1952303547~NM1|TT|2|TX HEALTH & HUMAN SERVICES COMMI|||||PI|70051~MOA|||MA01|MA07~DTM|050|20150102~SVC|HC^99335|109|63.87||1~DTM|472|20141120~CAS|CO|45|27.54||253|1.3~CAS|PR|2|16.29~REF|LU|33~REF|6R|1335896236Z1~AMT|B6|81.46~CLP|280-1495|1|120|78.09|19.92|MB|2815002588840|21|1~NM1|QC|1|SANDERS|PEGGY||||HN|412622112A~NM1|82|1||||||XX|1962447805~MOA|||MA01~DTM|050|20150102~SVC|HC^99233|120|78.09||1~DTM|472|20141107~CAS|CO|45|20.4||253|1.59~CAS|PR|2|19.92~REF|LU|21~REF|6R|1335894898Z1~AMT|B6|99.6~CLP|280-1496|1|120|78.09|19.92|MB|2815002588850|21|1~NM1|QC|1|SANDERS|PEGGY||||HN|412622112A~NM1|82|1||||||XX|1962447805~MOA|||MA01~DTM|050|20150102~SVC|HC^99233|120|78.09||1~DTM|472|20141108~CAS|CO|45|20.4||253|1.59~CAS|PR|2|19.92~REF|LU|21~REF|6R|1335894899Z1~AMT|B6|99.6~CLP|280-1497|1|120|78.09|19.92|MB|2815002588860|21|1~NM1|QC|1|SANDERS|PEGGY||||HN|412622112A~NM1|82|1||||||XX|1962447805~MOA|||MA01~DTM|050|20150102~SVC|HC^99233|120|78.09||1~DTM|472|20141109~CAS|CO|45|20.4||253|1.59~CAS|PR|2|19.92~REF|LU|21~REF|6R|1335894900Z1~AMT|B6|99.6~CLP|280-1498|1|120|78.09|19.92|MB|2815002588870|21|1~NM1|QC|1|SANDERS|PEGGY||||HN|412622112A~NM1|82|1||||||XX|1962447805~MOA|||MA01~DTM|050|20150102~SVC|HC^99233|120|78.09||1~DTM|472|20141110~CAS|CO|45|20.4||253|1.59~CAS|PR|2|19.92~REF|LU|21~REF|6R|1335894901Z1~AMT|B6|99.6~CLP|280-1499|1|120|78.09|19.92|MB|2815002588880|21|1~NM1|QC|1|SANDERS|PEGGY||||HN|412622112A~NM1|82|1||||||XX|1962447805~MOA|||MA01~DTM|050|20150102~SVC|HC^99233|120|78.09||1~DTM|472|20141111~CAS|CO|45|20.4||253|1.59~CAS|PR|2|19.92~REF|LU|21~REF|6R|1335894902Z1~AMT|B6|99.6~CLP|280-1500|1|83|54.18|13.82|MB|2815002588890|21|1~NM1|QC|1|SANDERS|PEGGY||||HN|412622112A~NM1|82|1||||||XX|1962447805~MOA|||MA01~DTM|050|20150102~SVC|HC^99232|83|54.18||1~DTM|472|20141112~CAS|CO|45|13.89||253|1.11~CAS|PR|2|13.82~REF|LU|21~REF|6R|1335894903Z1~AMT|B6|69.11~CLP|280-1501|1|120|78.09|19.92|MB|2815002588900|21|1~NM1|QC|1|SANDERS|PEGGY||||HN|412622112A~NM1|82|1||||||XX|1962447805~MOA|||MA01~DTM|050|20150102~SVC|HC^99233|120|78.09||1~DTM|472|20141113~CAS|CO|45|20.4||253|1.59~CAS|PR|2|19.92~REF|LU|21~REF|6R|1335894904Z1~AMT|B6|99.6~CLP|280-1502|1|120|78.09|19.92|MB|2815002588910|21|1~NM1|QC|1|SANDERS|PEGGY||||HN|412622112A~NM1|82|1||||||XX|1962447805~MOA|||MA01~DTM|050|20150102~SVC|HC^99233|120|78.09||1~DTM|472|20141114~CAS|CO|45|20.4||253|1.59~CAS|PR|2|19.92~REF|LU|21~REF|6R|1335894905Z1~AMT|B6|99.6~CLP|280-1503|1|83|54.18|13.82|MB|2815002588920|21|1~NM1|QC|1|SANDERS|PEGGY||||HN|412622112A~NM1|82|1||||||XX|1962447805~MOA|||MA01~DTM|050|20150102~SVC|HC^99232|83|54.18||1~DTM|472|20141115~CAS|CO|45|13.89||253|1.11~CAS|PR|2|13.82~REF|LU|21~REF|6R|1335894906Z1~AMT|B6|69.11~CLP|280-1504|1|83|54.18|13.82|MB|2815002588930|21|1~NM1|QC|1|SANDERS|PEGGY||||HN|412622112A~NM1|82|1||||||XX|1962447805~MOA|||MA01~DTM|050|20150102~SVC|HC^99232|83|54.18||1~DTM|472|20141117~CAS|CO|45|13.89||253|1.11~CAS|PR|2|13.82~REF|LU|21~REF|6R|1335894907Z1~AMT|B6|69.11~CLP|280-1505|1|120|78.09|19.92|MB|2815002589290|21|1~NM1|QC|1|SANDERS|PEGGY||||HN|412622112A~NM1|82|1||||||XX|1962447805~MOA|||MA01~DTM|050|20150102~SVC|HC^99233|120|78.09||1~DTM|472|20141120~CAS|CO|45|20.4||253|1.59~CAS|PR|2|19.92~REF|LU|21~REF|6R|1335896202Z1~AMT|B6|99.6~CLP|280-1506|1|83|54.18|13.82|MB|2815002589300|21|1~NM1|QC|1|SANDERS|PEGGY||||HN|412622112A~NM1|82|1||||||XX|1962447805~MOA|||MA01~DTM|050|20150102~SVC|HC^99232|83|54.18||1~DTM|472|20141121~CAS|CO|45|13.89||253|1.11~CAS|PR|2|13.82~REF|LU|21~REF|6R|1335896203Z1~AMT|B6|69.11~CLP|280-1507|1|83|54.18|13.82|MB|2815002589310|21|1~NM1|QC|1|SANDERS|PEGGY||||HN|412622112A~NM1|82|1||||||XX|1962447805~MOA|||MA01~DTM|050|20150102~SVC|HC^99232|83|54.18||1~DTM|472|20141122~CAS|CO|45|13.89||253|1.11~CAS|PR|2|13.82~REF|LU|21~REF|6R|1335896204Z1~AMT|B6|69.11~CLP|280-1508|1|83|54.18|13.82|MB|2815002589320|21|1~NM1|QC|1|SANDERS|PEGGY||||HN|412622112A~NM1|82|1||||||XX|1962447805~MOA|||MA01~DTM|050|20150102~SVC|HC^99232|83|54.18||1~DTM|472|20141123~CAS|CO|45|13.89||253|1.11~CAS|PR|2|13.82~REF|LU|21~REF|6R|1335896205Z1~AMT|B6|69.11~CLP|280-1509|1|83|54.18|13.82|MB|2815002589330|21|1~NM1|QC|1|SANDERS|PEGGY||||HN|412622112A~NM1|82|1||||||XX|1962447805~MOA|||MA01~DTM|050|20150102~SVC|HC^99232|83|54.18||1~DTM|472|20141124~CAS|CO|45|13.89||253|1.11~CAS|PR|2|13.82~REF|LU|21~REF|6R|1335896206Z1~AMT|B6|69.11~CLP|280-1213|1|104|61.06|15.58|MB|2914356285860|31|1~NM1|QC|1|SANDERS|PEGGY||||HN|412622112A~NM1|82|1||||||XX|1952303547~MOA|||MA01~DTM|050|20141222~SVC|HC^99309|104|61.06||1~DTM|472|20141103~CAS|CO|45|26.11||253|1.25~CAS|PR|2|15.58~REF|LU|31~REF|6R|1326348388Z1~AMT|B6|77.89~CLP|50-1476|19|234|152.6|38.93|MB|2815002588830|21|1~NM1|QC|1|SANDERS|TONY|R|||HN|467086770A~NM1|82|1||||||XX|1962447805~NM1|TT|2|TX HEALTH & HUMAN SERVICES COMMI|||||PI|70051~MOA|||MA01|MA07~DTM|050|20150102~SVC|HC^99223|234|152.6||1~DTM|472|20141118~CAS|CO|45|39.36||253|3.11~CAS|PR|2|38.93~REF|LU|21~REF|6R|1335894897Z1~AMT|B6|194.64~CLP|50-1477|19|120|78.09|19.92|MB|2815002589110|21|1~NM1|QC|1|SANDERS|TONY|R|||HN|467086770A~NM1|82|1||||||XX|1962447805~NM1|TT|2|TX HEALTH & HUMAN SERVICES COMMI|||||PI|70051~MOA|||MA01|MA07~DTM|050|20150102~SVC|HC^99233|120|78.09||1~DTM|472|20141119~CAS|CO|45|20.4||253|1.59~CAS|PR|2|19.92~REF|LU|21~REF|6R|1335896184Z1~AMT|B6|99.6~CLP|50-1478|19|120|78.09|19.92|MB|2815002589120|21|1~NM1|QC|1|SANDERS|TONY|R|||HN|467086770A~NM1|82|1||||||XX|1962447805~NM1|TT|2|TX HEALTH & HUMAN SERVICES COMMI|||||PI|70051~MOA|||MA01|MA07~DTM|050|20150102~SVC|HC^99233|120|78.09||1~DTM|472|20141120~CAS|CO|45|20.4||253|1.59~CAS|PR|2|19.92~REF|LU|21~REF|6R|1335896185Z1~AMT|B6|99.6~CLP|50-1480|19|120|78.09|19.92|MB|2815002589140|21|1~NM1|QC|1|SANDERS|TONY|R|||HN|467086770A~NM1|82|1||||||XX|1962447805~NM1|TT|2|TX HEALTH & HUMAN SERVICES COMMI|||||PI|70051~MOA|||MA01|MA07~DTM|050|20150102~SVC|HC^99233|120|78.09||1~DTM|472|20141122~CAS|CO|45|20.4||253|1.59~CAS|PR|2|19.92~REF|LU|21~REF|6R|1335896187Z1~AMT|B6|99.6~CLP|107-1534|19|109|63.87|16.29|MB|2815002589430|33|1~NM1|QC|1|SHERIDAN|EDNA|V|||HN|486241601A~NM1|82|1||||||XX|1952303547~NM1|TT|2|TX HEALTH & HUMAN SERVICES COMMI|||||PI|70051~MOA|||MA01|MA07~DTM|050|20150102~SVC|HC^99335|109|63.87||1~DTM|472|20141120~CAS|CO|45|27.54||253|1.3~CAS|PR|2|16.29~REF|LU|33~REF|6R|1335896234Z1~AMT|B6|81.46~CLP|85-1544|19|109|63.87|16.29|MB|2815002589530|33|1~NM1|QC|1|SNOW|CAROLYN||||HN|442403577A~NM1|82|1||||||XX|1952303547~NM1|TT|2|TX HEALTH & HUMAN SERVICES COMMI|||||PI|70051~MOA|||MA01|MA07~DTM|050|20150102~SVC|HC^99335|109|63.87||1~DTM|472|20141125~CAS|CO|45|27.54||253|1.3~CAS|PR|2|16.29~REF|LU|33~REF|6R|1335896244Z1~AMT|B6|81.46~CLP|275-1560|19|104|68.25|17.41|MB|2815002589650|31|1~NM1|QC|1|SZKOLA|GERTRUDE|A|||HN|364058383A~NM1|82|1||||||XX|1962447805~NM1|TT|2|BCBS OF MICHIGAN|||||PI|00055~MOA|||MA01|MA18~DTM|050|20150102~SVC|HC^99309|104|68.25||1~DTM|472|20141204~CAS|CO|45|16.95||253|1.39~CAS|PR|2|17.41~REF|LU|31~REF|6R|1335896257Z1~AMT|B6|87.05~CLP|275-1182|19|104|61.06|15.58|MB|2914356285780|31|1~NM1|QC|1|SZKOLA|GERTRUDE|A|||HN|364058383A~NM1|82|1||||||XX|1952303547~NM1|TT|2|BCBS OF MICHIGAN|||||PI|00055~MOA|||MA01|MA18~DTM|050|20141222~SVC|HC^99309|104|61.06||1~DTM|472|20141112~CAS|CO|45|26.11||253|1.25~CAS|PR|2|15.58~REF|LU|31~REF|6R|1326348380Z1~AMT|B6|77.89~CLP|275-1214|19|104|61.06|15.58|MB|2914356285870|31|1~NM1|QC|1|SZKOLA|GERTRUDE|A|||HN|364058383A~NM1|82|1||||||XX|1952303547~NM1|TT|2|BCBS OF MICHIGAN|||||PI|00055~MOA|||MA01|MA18~DTM|050|20141222~SVC|HC^99309|104|61.06||1~DTM|472|20141103~CAS|CO|45|26.11||253|1.25~CAS|PR|2|15.58~REF|LU|31~REF|6R|1326348389Z1~AMT|B6|77.89~CLP|275-1199|19|79|51.8|13.21|MB|2914356286080|31|1~NM1|QC|1|SZKOLA|GERTRUDE|A|||HN|364058383A~NM1|82|1||||||XX|1962447805~NM1|TT|2|BCBS OF MICHIGAN|||||PI|00055~MOA|||MA01|MA18~DTM|050|20141222~SVC|HC^99308|79|51.8||1~DTM|472|20141030~CAS|CO|45|12.93||253|1.06~CAS|PR|2|13.21~REF|LU|31~REF|6R|1326367680Z1~AMT|B6|66.07~CLP|275-1217|19|51|30.05|7.67|MB|2914356286130|31|1~NM1|QC|1|SZKOLA|GERTRUDE|A|||HN|364058383A~NM1|82|1||||||XX|1952303547~NM1|TT|2|BCBS OF MICHIGAN|||||PI|00055~MOA|||MA01|MA18~DTM|050|20141222~SVC|HC^99307|51|30.05||1~DTM|472|20141022~CAS|CO|45|12.67||253|.61~CAS|PR|2|7.67~REF|LU|31~REF|6R|1326367685Z1~AMT|B6|38.33~CLP|105-1521|19|104|61.06|15.58|MB|2815002589040|31|1~NM1|QC|1|THOMPSON|DORIS|W|||HN|466443779A~NM1|82|1||||||XX|1952303547~NM1|TT|2|CHCS SERVICES INC|||||PI|80255~MOA|||MA01|MA18~DTM|050|20150102~SVC|HC^99309|104|61.06||1~DTM|472|20141117~CAS|CO|45|26.11||253|1.25~CAS|PR|2|15.58~REF|LU|31~REF|6R|1335894918Z1~AMT|B6|77.89~CLP|105-1549|19|104|61.06|15.58|MB|2815002589580|31|1~NM1|QC|1|THOMPSON|DORIS|W|||HN|466443779A~NM1|82|1||||||XX|1952303547~NM1|TT|2|CHCS SERVICES INC|||||PI|80255~MOA|||MA01|MA18~DTM|050|20150102~SVC|HC^99309|104|61.06||1~DTM|472|20141124~CAS|CO|45|26.11||253|1.25~CAS|PR|2|15.58~REF|LU|31~REF|6R|1335896249Z1~AMT|B6|77.89~CLP|105-1564|19|104|68.25|17.41|MB|2815002589680|31|1~NM1|QC|1|THOMPSON|DORIS|W|||HN|466443779A~NM1|82|1||||||XX|1962447805~NM1|TT|2|CHCS SERVICES INC|||||PI|80255~MOA|||MA01|MA18~DTM|050|20150102~SVC|HC^99309|104|68.25||1~DTM|472|20141204~CAS|CO|45|16.95||253|1.39~CAS|PR|2|17.41~REF|LU|31~REF|6R|1335896260Z1~AMT|B6|87.05~CLP|274-1520|19|104|61.06|15.58|MB|2815002589030|31|1~NM1|QC|1|VINSON|BOLEKA|M|||HN|643580877T~NM1|82|1||||||XX|1952303547~NM1|TT|2|TX HEALTH & HUMAN SERVICES COMMI|||||PI|70051~MOA|||MA01|MA07~DTM|050|20150102~SVC|HC^99309|104|61.06||1~DTM|472|20141117~CAS|CO|45|26.11||253|1.25~CAS|PR|2|15.58~REF|LU|31~REF|6R|1335894917Z1~AMT|B6|77.89~CLP|274-1547|19|104|61.06|15.58|MB|2815002589560|31|1~NM1|QC|1|VINSON|BOLEKA|M|||HN|643580877T~NM1|82|1||||||XX|1952303547~NM1|TT|2|TX HEALTH & HUMAN SERVICES COMMI|||||PI|70051~MOA|||MA01|MA07~DTM|050|20150102~SVC|HC^99309|104|61.06||1~DTM|472|20141124~CAS|CO|45|26.11||253|1.25~CAS|PR|2|15.58~REF|LU|31~REF|6R|1335896247Z1~AMT|B6|77.89~CLP|184-1533|19|109|63.87|16.29|MB|2815002589420|33|1~NM1|QC|1|WARREN|PAULINE||||HN|460100892D~NM1|82|1||||||XX|1952303547~NM1|TT|2|TX HEALTH & HUMAN SERVICES COMMI|||||PI|70051~MOA|||MA01|MA07~DTM|050|20150102~SVC|HC^99335|109|63.87||1~DTM|472|20141120~CAS|CO|45|27.54||253|1.3~CAS|PR|2|16.29~REF|LU|33~REF|6R|1335896233Z1~AMT|B6|81.46~CLP|181-1525|19|222|129.81|33.11|MB|2815002589350|33|1~NM1|QC|1|WILLIAMS|OSCAR|D|||HN|449343970A~NM1|82|1||||||XX|1952303547~NM1|TT|2|TX HEALTH & HUMAN SERVICES COMMI|||||PI|70051~MOA|||MA01|MA07~DTM|050|20150102~SVC|HC^99337|222|129.81||1~DTM|472|20141120~CAS|CO|45|56.43||253|2.65~CAS|PR|2|33.11~REF|LU|33~REF|6R|1335896208Z1~AMT|B6|165.57~CLP|13-1539|19|109|63.87|16.29|MB|2815002589480|33|1~NM1|QC|1|WREN|BILLIE|N|||HN|523465985A~NM1|82|1||||||XX|1952303547~NM1|TT|2|TX HEALTH & HUMAN SERVICES COMMI|||||PI|70051~MOA|||MA01|MA07~DTM|050|20150102~SVC|HC^99335|109|63.87||1~DTM|472|20141120~CAS|CO|45|27.54||253|1.3~CAS|PR|2|16.29~REF|LU|33~REF|6R|1335896239Z1~AMT|B6|81.46~PLB|1063835361|20151231|L6|-0.02~SE|1214|0002~GE|2|458~IEA|1|000000463~