ISA|00|          |00|          |ZZ|ZIRMED         |ZZ|11             |151027|2208|U|00401|000001479|0|P|^~GS|HP|ZIRMED|FIS123456789|20151027|2208|1474|X|004010X091A1~ST|835|0001~BPR|H|0|C|NON||||||||||||20151023~TRN|1|CHKHST18495798|1201494502~REF|EV|FIS123456789~REF|F2|TXMC QNXT~DTM|405|20151023~N1|PR|MOLINA HEALTHCARE OF TEXAS, INC~N3|2505 N. STATE HIGHWAY 360|STE 300~N4|GRAND PRAIRIE|TX|75050~N1|PE|DFW PRIMARY CARE PLLC|XX|1063835361~N3|2925 SKYWAY CICLE NORTH~N4|IRVING|TX|750383510~REF|TJ|464596718~LX|1~CLP|348-3023|22|-130|0||HM|15195907574R1~NM1|QC|1|BEGUM|MAQBOOL||||MI|500000027638~NM1|82|1|KETHA|SUMANA||||XX|1962447805~REF|CE|QMXBP8141~DTM|232|20150612~DTM|233|20150612~DTM|050|20150714~AMT|AU|-130~SVC|HC^99214|-130|0||-1~DTM|472|20150612~CAS|CO|45|-21.05~CAS|PR|1|-108.95~REF|6R|1497819175Z1~SE|28|0001~ST|835|0002~BPR|I|393.92|C|ACH|CCP|01|092904554|DA|150097034071|1201494502||01|111000025|DA|488038453432|20151024~TRN|1|EFT2916042|1201494502~REF|EV|FIS123456789~REF|F2|TXMC QNXT~DTM|405|20151023~N1|PR|MOLINA HEALTHCARE OF TEXAS, INC~N3|2505 N. STATE HIGHWAY 360|STE 300~N4|GRAND PRAIRIE|TX|75050~N1|PE|DFW PRIMARY CARE PLLC|XX|1063835361~N3|2925 SKYWAY CICLE NORTH~N4|IRVING|TX|750383510~REF|TJ|464596718~LX|1~CLP|6135-3920|1|506|393.92|30|MC|15292884380~NM1|QC|1|VERMA|RAM||||MI|0002629848~NM1|82|1|KETHA|SUMANA||||XX|1962447805~REF|CE|45786001000201~DTM|232|20151002~DTM|233|20151002~DTM|050|20151019~AMT|AU|476~SVC|HC^99205^25|149|119||1~DTM|472|20151002~CAS|PR|3|30~REF|6R|1580298916Z1~AMT|B6|149~SVC|HC^90656|17|9.3||1~DTM|472|20151002~CAS|CO|45|7.7~REF|6R|1580298916Z2~AMT|B6|9.3~SVC|HC^90471|33|25.71||1~DTM|472|20151002~CAS|CO|45|7.29~REF|6R|1580298916Z3~AMT|B6|25.71~SVC|HC^96372|29|25.71||1~DTM|472|20151002~CAS|CO|45|3.29~REF|6R|1580298916Z4~AMT|B6|25.71~SVC|HC^94760|4|0||1~DTM|472|20151002~CAS|CO|234|4~REF|6R|1580298916Z5~LQ|HE|M15~SVC|HC^95923|252|195.74||1~DTM|472|20151002~CAS|CO|45|56.26~REF|6R|1580298916Z6~AMT|B6|195.74~SVC|HC^G0444|22|18.46||1~DTM|472|20151002~CAS|CO|45|3.54~REF|6R|1580298916Z7~AMT|B6|18.46~SE|58|0002~GE|2|1474~IEA|1|000001479~