ISA|00|          |00|          |ZZ|ZIRMED         |29|E12705         |150530|0425|U|00401|000000986|0|P|^~GS|HP|ZIRMED|E12705|20150530|0425|981|X|004010X091A1~ST|835|0001~BPR|I|259.54|C|ACH|CCP|01|081517693|DA|152302017594|1205296137||01|111000025|DA|488038453432|20150601~TRN|1|890290854|1205296137~REF|EV|E12705~DTM|405|20150529~N1|PR|NOVITAS SOLUTIONS, INC.~N3|PO BOX 3110~N4|MECHANICSBURG|PA|170551826~REF|2U|04412~PER|CX||TE|8552528782~N1|PE|DFW GERIATRICS PLLC|XX|1063835361~N3|2925 SKYWAY CIRCLE NORTH~N4|IRVING|TX|750383510~REF|TJ|464596718~LX|1~CLP|3301-2865|19|264|171.9|43.85|MB|2915138016700|11|1~NM1|QC|1|BOWENS|JACQUELIN||||HN|238887207A~NM1|82|1||||||XX|1962447805~NM1|TT|2|TX HEALTH & HUMAN SERVICES COMMI|||||PI|70051~MOA|||MA01|MA07~DTM|050|20150518~SVC|HC^93306|264|171.9||1~DTM|472|20150402~CAS|CO|45|44.74||253|3.51~CAS|PR|2|43.85~REF|LU|11~REF|6R|1451623928Z1~AMT|B6|219.26~CLP|6038-2849|19|24|15.03|3.83|MB|2915138016680|11|1~NM1|QC|1|BUTNER|JOANN||||HN|457565807A~NM1|82|1||||||XX|1962447805~NM1|TT|2|HCSC-BCBS OF TX-FEP B ONLY|||||PI|80012~MOA|||MA01|MA15|MA18~DTM|050|20150518~SVC|HC^99211^25|24|15.03||1~DTM|472|20150430~CAS|CO|45|4.83||253|.31~CAS|PR|2|3.83~REF|LU|11~REF|6R|1451623913Z1~AMT|B6|19.17~CLP|383-2850|1|492|72.61|18.52|MB|2915138016690|11|1~NM1|QC|1|HUDGINS|NANCY||||HN|509380876A~NM1|82|1||||||XX|1679978068~MOA|||MA01~DTM|050|20150518~SVC|HC^99214^25|130|72.61||1~DTM|472|20150501~CAS|CO|45|37.39||253|1.48~CAS|PR|2|18.52~REF|LU|11~REF|6R|1451623914Z1~AMT|B6|92.61~SVC|HC^95923|252|0||||1~DTM|472|20150501~CAS|CO|170|252~REF|LU|11~REF|6R|1451623914Z2~SVC|HC^95921|110|0||||1~DTM|472|20150501~CAS|CO|170|110~REF|LU|11~REF|6R|1451623914Z3~SE|64|0001~GE|1|981~IEA|1|000000986~