ISA|00|          |00|          |ZZ|ZIRMED         |29|E12705         |150205|0426|U|00401|000000535|0|P|^~GS|HP|ZIRMED|E12705|20150205|0426|530|X|004010X091A1~ST|835|0001~BPR|H|0|C|NON||||||||||||20150205~TRN|1|458664187|1205296137~REF|EV|E12705~DTM|405|20150204~N1|PR|NOVITAS SOLUTIONS, INC.~N3|PO BOX 3110~N4|MECHANICSBURG|PA|170551826~REF|2U|04412~PER|CX||TE|8552528782~N1|PE|DFW GERIATRICS PLLC|XX|1063835361~N3|2925 SKYWAY CIRCLE NORTH~N4|IRVING|TX|750383510~REF|TJ|464596718~LX|1~CLP|342-1829|19|130|0|92.61|MB|2815030383260|11|1~NM1|QC|1|ALLEN|THOMAS||||HN|453825428A~NM1|82|1||||||XX|1679978068~NM1|TT|2|TX HEALTH & HUMAN SERVICES COMMI|||||PI|70051~MOA|||MA01|MA07~DTM|050|20150130~SVC|HC^99214|130|0||1~DTM|472|20150112~CAS|CO|45|37.39~CAS|PR|1|92.61~REF|LU|11~REF|6R|1359016675Z1~AMT|B6|92.61~CLP|319-1827|1|130|0|92.61|MB|2815030383240|11|1~NM1|QC|1|CORTEZ|EDWARD||||HN|449473304A~NM1|82|1||||||XX|1679978068~MOA|||MA01~DTM|050|20150130~SVC|HC^99214|130|0||1~DTM|472|20150105~CAS|CO|45|37.39~CAS|PR|1|92.61~REF|LU|11~REF|6R|1359016673Z1~AMT|B6|92.61~CLP|316-1831|1|130|0|92.61|MB|2815030383280|11|1~NM1|QC|1|DAVIS|MARY||||HN|414174432A~NM1|82|1||||||XX|1679978068~MOA|||MA01~DTM|050|20150130~SVC|HC^99214|130|0||1~DTM|472|20150105~CAS|CO|45|37.39~CAS|PR|1|92.61~REF|LU|11~REF|6R|1359016677Z1~AMT|B6|92.61~CLP|291-1416|1|315|0||MB|2815034756320|21|1~NM1|QC|1|DICKERSON|KIMBERLY||||HN|456393897A~NM1|82|1||||||XX|1962447805~MOA|||MA01~DTM|050|20150203~SVC|HC^99291|315|0||||1~DTM|472|20141003~CAS|OA|18|315~REF|LU|21~REF|6R|1363464115Z1~LQ|HE|N522~CLP|291-1417|1|123|0||MB|2815034756340|21|1~NM1|QC|1|DICKERSON|KIMBERLY||||HN|456393897A~NM1|82|1||||||XX|1962447805~MOA|||MA01~DTM|050|20150203~SVC|HC^99239|123|0||||1~DTM|472|20141004~CAS|OA|18|123~REF|LU|21~REF|6R|1363464303Z1~LQ|HE|N522~CLP|350-1982|19|130|0|92.61|MB|2815030383350|11|1~NM1|QC|1|HIGGS|CYNTHIA|G|||HN|460217469A~NM1|82|1||||||XX|1679978068~NM1|TT|2|TX HEALTH & HUMAN SERVICES COMMI|||||PI|70051~MOA|||MA01|MA07~DTM|050|20150130~SVC|HC^99214|130|0||1~DTM|472|20150116~CAS|CO|45|37.39~CAS|PR|1|92.61~REF|LU|11~REF|6R|1359016684Z1~AMT|B6|92.61~CLP|349-1980|1|130|0|92.61|MB|2815030383320|11|1~NM1|QC|1|NEAL|MENFORD||||HN|458524052A~NM1|82|1||||||XX|1679978068~MOA|||MA01~DTM|050|20150130~SVC|HC^99214|130|0||1~DTM|472|20150113~CAS|CO|45|37.39~CAS|PR|1|92.61~REF|LU|11~REF|6R|1359016681Z1~AMT|B6|92.61~CLP|315-1983|19|148|0|104.8|MB|2815030383330|11|1~NM1|QC|1|PATTILLO|CATHY||||HN|458297430A~NM1|82|1||||||XX|1679978068~NM1|TT|2|TX HEALTH & HUMAN SERVICES COMMI|||||PI|70051~MOA|||MA01|MA07~DTM|050|20150130~SVC|HC^99214^25|130|0||1~DTM|472|20150116~CAS|CO|45|37.39~CAS|PR|1|92.61~REF|LU|11~REF|6R|1359016682Z1~AMT|B6|92.61~SVC|HC^99406|18|0||1~DTM|472|20150116~CAS|CO|45|5.81~CAS|PR|1|12.19~REF|LU|11~REF|6R|1359016682Z2~AMT|B6|12.19~CLP|351-1985|1|130|0|92.61|MB|2815030383390|11|1~NM1|QC|1|RASOR|LINDA||||HN|452761409A~NM1|82|1||||||XX|1679978068~MOA|||MA01~DTM|050|20150130~SVC|HC^99214|130|0||1~DTM|472|20150116~CAS|CO|45|37.39~CAS|PR|1|92.61~REF|LU|11~REF|6R|1359050374Z1~AMT|B6|92.61~CLP|305-1828|19|130|0|92.61|MB|2815030383250|11|1~NM1|QC|1|RECTOR|HOWARD||||HN|458299308A~NM1|82|1||||||XX|1679978068~NM1|TT|2|TX HEALTH & HUMAN SERVICES COMMI|||||PI|70051~MOA|||MA01|MA07~DTM|050|20150130~SVC|HC^99214|130|0||1~DTM|472|20150112~CAS|CO|45|37.39~CAS|PR|1|92.61~REF|LU|11~REF|6R|1359016674Z1~AMT|B6|92.61~CLP|317-1832|1|130|0|92.61|MB|2815030383290|11|1~NM1|QC|1|TWILLEY|EDWARD||||HN|458213375A~NM1|82|1||||||XX|1679978068~MOA|||MA01~DTM|050|20150130~SVC|HC^99214|130|0||1~DTM|472|20150105~CAS|CO|45|37.39~CAS|PR|1|92.61~REF|LU|11~REF|6R|1359016678Z1~AMT|B6|92.61~SE|157|0001~GE|1|530~IEA|1|000000535~