ISA|00|          |00|          |ZZ|ZIRMED         |29|E12705         |150603|0436|U|00401|000000997|0|P|^~GS|HP|ZIRMED|E12705|20150603|0436|992|X|004010X091A1~ST|835|0001~BPR|I|794.09|C|ACH|CCP|01|081517693|DA|152302017594|1205296137||01|111000025|DA|488038453432|20150603~TRN|1|890309083|1205296137~REF|EV|E12705~DTM|405|20150602~N1|PR|NOVITAS SOLUTIONS, INC.~N3|PO BOX 3110~N4|MECHANICSBURG|PA|170551826~REF|2U|04412~PER|CX||TE|8552528782~N1|PE|DFW GERIATRICS PLLC|XX|1063835361~N3|2925 SKYWAY CIRCLE NORTH~N4|IRVING|TX|750383510~REF|TJ|464596718~LX|1~CLP|342-2889|19|130|81.14|20.7|MB|2815140710280|11|1~NM1|QC|1|ALLEN|THOMAS||||HN|453825428A~NM1|82|1||||||XX|1962447805~NM1|TT|2|TX HEALTH & HUMAN SERVICES COMMI|||||PI|70051~MOA|||MA01|MA07~DTM|050|20150520~SVC|HC^99214|130|81.14||1~DTM|472|20150511~CAS|CO|45|26.5||253|1.66~CAS|PR|2|20.7~REF|6R|1454127253Z1~REF|LU|11~AMT|B6|103.5~CLP|319-2886|1|130|72.61|18.52|MB|2815140157510|11|1~NM1|QC|1|CORTEZ|EDWARD||||HN|449473304A~NM1|82|1||||||XX|1679978068~MOA|||MA01~DTM|050|20150520~SVC|HC^99214|130|72.61||1~DTM|472|20150506~CAS|CO|45|37.39||253|1.48~CAS|PR|2|18.52~REF|6R|1454111207Z1~REF|LU|11~AMT|B6|92.61~CLP|316-2881|1|130|72.61|18.52|MB|2815140157390|11|1~NM1|QC|1|DAVIS|MARY||||HN|414174432A~NM1|82|1||||||XX|1679978068~MOA|||MA01~DTM|050|20150520~SVC|HC^99214|130|72.61||1~DTM|472|20150505~CAS|CO|45|37.39||253|1.48~CAS|PR|2|18.52~REF|6R|1454111203Z1~REF|LU|11~AMT|B6|92.61~CLP|350-2883|19|174|97.88|24.97|MB|2815140157470|11|1~NM1|QC|1|HIGGS|CYNTHIA|G|||HN|460217469A~NM1|82|1||||||XX|1679978068~NM1|TT|2|TX HEALTH & HUMAN SERVICES COMMI|||||PI|70051~MOA|||MA01|MA07~DTM|050|20150520~SVC|HC^99215|174|97.88||1~DTM|472|20150505~CAS|CO|45|49.15||253|2~CAS|PR|2|24.97~REF|6R|1454111205Z1~REF|LU|11~AMT|B6|124.85~CLP|349-2894|1|130|81.14|20.7|MB|2815140710300|11|1~NM1|QC|1|NEAL|MENFORD||||HN|458524052A~NM1|82|1||||||XX|1962447805~MOA|||MA01~DTM|050|20150520~SVC|HC^99214|130|81.14||1~DTM|472|20150512~CAS|CO|45|26.5||253|1.66~CAS|PR|2|20.7~REF|6R|1454208995Z1~REF|LU|11~AMT|B6|103.5~CLP|314-2888|1|24|15.03|3.83|MB|2815140710270|11|1~NM1|QC|1|PALMER|LARRY||||HN|382562993A~NM1|82|1||||||XX|1962447805~MOA|||MA01~DTM|050|20150520~SVC|HC^99211|24|15.03||1~DTM|472|20150511~CAS|CO|45|4.83||253|.31~CAS|PR|2|3.83~REF|6R|1454127251Z1~REF|LU|11~AMT|B6|19.17~CLP|314-2876|1|24|15.03|3.83|MB|2915140371910|11|1~NM1|QC|1|PALMER|LARRY||||HN|382562993A~NM1|82|1||||||XX|1962447805~MOA|||MA01~DTM|050|20150520~SVC|HC^99211|24|15.03||1~DTM|472|20150309~CAS|CO|45|4.83||253|.31~CAS|PR|2|3.83~REF|6R|1454344553Z1~REF|LU|11~AMT|B6|19.17~CLP|723-2896|19|192|107.43|27.41|MB|2815140710310|11|1~NM1|QC|1|ROBINSON|TINA||||HN|455337298A~NM1|82|1||||||XX|1679978068~NM1|TT|2|TX HEALTH & HUMAN SERVICES COMMI|||||PI|70051~MOA|||MA01|MA07~DTM|050|20150520~SVC|HC^99215^25|174|97.88||1~DTM|472|20150512~CAS|CO|45|49.15||253|2~CAS|PR|2|24.97~REF|6R|1454216269Z1~REF|LU|11~AMT|B6|124.85~SVC|HC^99406|18|9.55||1~DTM|472|20150512~CAS|CO|45|5.81||253|.2~CAS|PR|2|2.44~REF|6R|1454216269Z2~REF|LU|11~AMT|B6|12.19~CLP|362-2890|19|186|106|27.04|MB|2815140710290|11|1~NM1|QC|1|TAPPEN|FRANCES||||HN|510093885D~NM1|82|1||||||XX|1679978068~NM1|TT|2|WPS - TRICARE FOR LIFE|||||PI|60000~MOA|||MA01|MA18~DTM|050|20150520~SVC|HC^99214^25|130|72.61||1~DTM|472|20150511~CAS|CO|45|37.39||253|1.48~CAS|PR|2|18.52~REF|6R|1454127255Z1~REF|LU|11~AMT|B6|92.61~SVC|HC^69210|56|33.39||1~DTM|472|20150511~CAS|CO|45|13.41||253|.68~CAS|PR|2|8.52~REF|6R|1454127255Z2~REF|LU|11~AMT|B6|42.59~CLP|317-2887|1|130|72.61|18.52|MB|2815140157530|11|1~NM1|QC|1|TWILLEY|EDWARD||||HN|458213375A~NM1|82|1||||||XX|1679978068~MOA|||MA01~DTM|050|20150520~SVC|HC^99214|130|72.61||1~DTM|472|20150506~CAS|CO|45|37.39||253|1.48~CAS|PR|2|18.52~REF|6R|1454111208Z1~REF|LU|11~AMT|B6|92.61~CLP|422-2882|1|130|72.61|18.52|MB|2815140157410|11|1~NM1|QC|1|WILSON|VIVIAN||||HN|463196861A~NM1|82|1||||||XX|1679978068~MOA|||MA01~DTM|050|20150520~SVC|HC^99214|130|72.61||1~DTM|472|20150505~CAS|CO|45|37.39||253|1.48~CAS|PR|2|18.52~REF|6R|1454111204Z1~REF|LU|11~AMT|B6|92.61~SE|166|0001~GE|1|992~IEA|1|000000997~