ISA|00|          |00|          |ZZ|ZIRMED         |29|E12705         |150107|0350|U|00401|000000436|0|P|^~GS|HP|ZIRMED|E12705|20150107|0350|431|X|004010X091A1~ST|835|0001~BPR|H|0|C|NON||||||||||||20150107~TRN|1|458496861|1205296137~REF|EV|E12705~DTM|405|20150106~N1|PR|NOVITAS SOLUTIONS, INC.~N3|PO BOX 3110~N4|MECHANICSBURG|PA|170551826~REF|2U|04412~PER|CX||TE|8552528782~N1|PE|DFW GERIATRICS PLLC|XX|1063835361~N3|2925 SKYWAY CIRCLE NORTH~N4|IRVING|TX|750383510~REF|TJ|464596718~LX|1~CLP|270-1332|1|51|0||MB|2815005544460|31|1~NM1|QC|1|AMEZCUA|MARTHA||||HN|353488101D~NM1|82|1||||||XX|1962447805~MOA|||MA01~DTM|050|20150105~SVC|HC^99307|51|0||||1~DTM|472|20141007~CAS|OA|18|51~REF|LU|31~REF|6R|1337437183Z1~LQ|HE|N522~CLP|212-1174|1|109|0||MB|2914356285880|33|1~NM1|QC|1|AYRES|VIRGINIA|W|||HN|463180456D~NM1|82|1||||||XX|1952303547~MOA|||MA01~DTM|050|20141222~SVC|HC^99335|109|0||||1~DTM|472|20141110~CAS|CO|B9|109~REF|LU|33~REF|6R|1326352102Z1~LQ|HE|N90~CLP|279-1197|1|79|0||MB|2914356286060|31|1~NM1|QC|1|BANNER|JOSEPHINE|M|||HN|575283550A~NM1|82|1||||||XX|1962447805~NM1|PR|2|PACIFICARE OF TEXAS|||||PI|H4590~MOA|||MA01~DTM|050|20141222~SVC|HC^99308|79|0||||1~DTM|472|20141030~CAS|CO|109|79~REF|LU|31~REF|6R|1326367678Z1~CLP|116-1003|19|104|0||MB|2814356873770|31|1~NM1|QC|1|HERVEY|EUGENE|J|||HN|449680119A~NM1|82|1||||||XX|1952303547~NM1|TT|2|GOV T EMPLOYEE S HEALTH ASSN|||||PI|80054~MOA|||MA01|MA18~DTM|050|20141222~SVC|HC^99309|104|0||||1~DTM|472|20141110~CAS|CO|B9|104~REF|LU|31~REF|6R|1326083974Z1~LQ|HE|N90~CLP|9-917|1|104|0||MB|2914352073200|32|1~NM1|QC|1|KISER|BEN||||HN|456687960M~NM1|82|1||||||XX|1952303547~MOA|||MA01~DTM|050|20141218~SVC|HC^99309|104|0||||1~DTM|472|20141103~CAS|CO|B9|104~REF|LU|32~REF|6R|1323766494Z1~LQ|HE|N90~CLP|9-945|1|51|0||MB|2914352073830|32|1~NM1|QC|1|KISER|BEN||||HN|456687960M~NM1|82|1||||||XX|1962447805~MOA|||MA01~DTM|050|20141218~SVC|HC^99307|51|0||||1~DTM|472|20140519~CAS|CO|B9|51~REF|LU|32~REF|6R|1323834178Z1~LQ|HE|N90~CLP|214-1335|1|104|0||MB|2815005544670|31|1~NM1|QC|1|MILLER|WILLIAM|C|||HN|458344463A~NM1|82|1||||||XX|1962447805~MOA|||MA01~DTM|050|20150105~SVC|HC^99309|104|0||||1~DTM|472|20141007~CAS|OA|18|104~REF|LU|31~REF|6R|1337446066Z1~LQ|HE|N522~CLP|228-1326|1|104|0||MB|2815005544650|31|1~NM1|QC|1|MORA|GLEN||||HN|461400603A~NM1|82|1||||||XX|1962447805~MOA|||MA01~DTM|050|20150105~SVC|HC^99309|104|0||||1~DTM|472|20141002~CAS|OA|18|104~REF|LU|31~REF|6R|1337446064Z1~LQ|HE|N522~CLP|228-1327|1|104|0||MB|2815005544660|31|1~NM1|QC|1|MORA|GLEN||||HN|461400603A~NM1|82|1||||||XX|1962447805~MOA|||MA01~DTM|050|20150105~SVC|HC^99309|104|0||||1~DTM|472|20141007~CAS|OA|18|104~REF|LU|31~REF|6R|1337446065Z1~LQ|HE|N522~CLP|78-938|1|51|0||MB|2914352073790|32|1~NM1|QC|1|NELSON|HELEN|R|||HN|452520020M~NM1|82|1||||||XX|1962447805~MOA|||MA01~DTM|050|20141218~SVC|HC^99307|51|0||||1~DTM|472|20140519~CAS|CO|B9|51~REF|LU|32~REF|6R|1323834173Z1~LQ|HE|N90~CLP|201-1333|1|51|0||MB|2815005544470|31|1~NM1|QC|1|SANCHEZ|KATHRYN|D|||HN|452825891A~NM1|82|1||||||XX|1962447805~MOA|||MA01~DTM|050|20150105~SVC|HC^99307|51|0||||1~DTM|472|20141007~CAS|OA|18|51~REF|LU|31~REF|6R|1337437184Z1~LQ|HE|N522~CLP|6-1036|1|104|0||MB|2814356873630|32|1~NM1|QC|1|THORNTON|ARWILDER||||HN|457072991C1~NM1|82|1||||||XX|1962447805~MOA|||MA01~DTM|050|20141222~SVC|HC^99309|104|0||||1~DTM|472|20140814~CAS|CO|B9|104~REF|LU|32~REF|6R|1326083827Z1~LQ|HE|N90~CLP|6-1072|1|104|0||MB|2814356876640|32|1~NM1|QC|1|THORNTON|ARWILDER||||HN|457072991C1~NM1|82|1||||||XX|1962447805~MOA|||MA01~DTM|050|20141222~SVC|HC^99309|104|0||||1~DTM|472|20140916~CAS|CO|B9|104~REF|LU|32~REF|6R|1326086204Z1~LQ|HE|N90~SE|160|0001~ST|835|0002~BPR|I|5811.03|C|ACH|CCP|01|081517693|DA|152302017594|1205296137||01|111000025|DA|488038453432|20150107~TRN|1|889279542|1205296137~REF|EV|E12705~DTM|405|20150106~N1|PR|NOVITAS SOLUTIONS, INC.~N3|PO BOX 3110~N4|MECHANICSBURG|PA|170551826~REF|2U|04412~PER|CX||TE|8552528782~N1|PE|DFW GERIATRICS PLLC|XX|1063835361~N3|2925 SKYWAY CIRCLE NORTH~N4|IRVING|TX|750383510~REF|TJ|464596718~LX|1~CLP|2-1370|19|104|68.25|17.41|MB|2814358596670|32|1~NM1|QC|1|ADKISON|SHELIA||||HN|465116244A~NM1|82|1||||||XX|1962447805~NM1|TT|2|TX HEALTH & HUMAN SERVICES COMMI|||||PI|70051~MOA|||MA01|MA07~DTM|050|20141224~SVC|HC^99309|104|68.25||1~DTM|472|20140929~CAS|CO|45|16.95||253|1.39~CAS|PR|2|17.41~REF|LU|32~REF|6R|1329926095Z1~AMT|B6|87.05~CLP|270-1332|19|51|33.58|8.57|MB|2814358597100|31|1~NM1|QC|1|AMEZCUA|MARTHA||||HN|353488101D~NM1|82|1||||||XX|1962447805~NM1|TT|2|TX HEALTH & HUMAN SERVICES COMMI|||||PI|70051~MOA|||MA01|MA07~DTM|050|20141224~SVC|HC^99307|51|33.58||1~DTM|472|20141007~CAS|CO|45|8.16||253|.69~CAS|PR|2|8.57~REF|LU|31~REF|6R|1329958613Z1~AMT|B6|42.84~CLP|270-1433|19|79|51.8|13.21|MB|2814358597240|31|1~NM1|QC|1|AMEZCUA|MARTHA||||HN|353488101D~NM1|82|1||||||XX|1962447805~NM1|TT|2|TX HEALTH & HUMAN SERVICES COMMI|||||PI|70051~MOA|||MA01|MA07~DTM|050|20141224~SVC|HC^99308|79|51.8||1~DTM|472|20141016~CAS|CO|45|12.93||253|1.06~CAS|PR|2|13.21~REF|LU|31~REF|6R|1329970778Z1~AMT|B6|66.07~CLP|7-1371|19|104|68.25|17.41|MB|2814358596680|32|1~NM1|QC|1|BACCUS|MARILYN|D|||HN|466179221T~NM1|82|1||||||XX|1962447805~NM1|TT|2|TX HEALTH & HUMAN SERVICES COMMI|||||PI|70051~MOA|||MA01|MA07~DTM|050|20141224~SVC|HC^99309|104|68.25||1~DTM|472|20140929~CAS|CO|45|16.95||253|1.39~CAS|PR|2|17.41~REF|LU|32~REF|6R|1329926097Z1~AMT|B6|87.05~CLP|137-1321|19|109|63.87|16.29|MB|2814358596490|33|1~NM1|QC|1|BARNETT|JERRELL|A|||HN|466441735A~NM1|82|1||||||XX|1952303547~NM1|TT|2|TX HEALTH & HUMAN SERVICES COMMI|||||PI|70051~MOA|||MA01|MA07~DTM|050|20141224~SVC|HC^99335|109|63.87||1~DTM|472|20140926~CAS|CO|45|27.54||253|1.3~CAS|PR|2|16.29~REF|LU|33~REF|6R|1329920354Z1~AMT|B6|81.46~CLP|97-1419|19|104|68.25|17.41|MB|2814358597160|31|1~NM1|QC|1|BLANCO|DANIEL|R|||HN|460120017A~NM1|82|1||||||XX|1962447805~NM1|TT|2|TX HEALTH & HUMAN SERVICES COMMI|||||PI|70051~MOA|||MA01|MA07~DTM|050|20141224~SVC|HC^99309|104|68.25||1~DTM|472|20141016~CAS|CO|45|16.95||253|1.39~CAS|PR|2|17.41~REF|LU|31~REF|6R|1329970769Z1~AMT|B6|87.05~CLP|16-1380|19|79|51.8|13.21|MB|2814358596300|32|1~NM1|QC|1|BURCHETT|JAMES||||HN|456441264A~NM1|82|1||||||XX|1962447805~NM1|TT|2|TX HEALTH & HUMAN SERVICES COMMI|||||PI|70051~MOA|||MA01|MA07~DTM|050|20141224~SVC|HC^99308|79|51.8||1~DTM|472|20140915~CAS|CO|45|12.93||253|1.06~CAS|PR|2|13.21~REF|LU|32~REF|6R|1329903281Z1~AMT|B6|66.07~CLP|16-1381|19|51|33.58|8.57|MB|2814358596310|32|1~NM1|QC|1|BURCHETT|JAMES||||HN|456441264A~NM1|82|1||||||XX|1962447805~NM1|TT|2|TX HEALTH & HUMAN SERVICES COMMI|||||PI|70051~MOA|||MA01|MA07~DTM|050|20141224~SVC|HC^99307|51|33.58||1~DTM|472|20140922~CAS|CO|45|8.16||253|.69~CAS|PR|2|8.57~REF|LU|32~REF|6R|1329903283Z1~AMT|B6|42.84~CLP|16-1378|19|79|51.8|13.21|MB|2814358596710|32|1~NM1|QC|1|BURCHETT|JAMES||||HN|456441264A~NM1|82|1||||||XX|1962447805~NM1|TT|2|TX HEALTH & HUMAN SERVICES COMMI|||||PI|70051~MOA|||MA01|MA07~DTM|050|20141224~SVC|HC^99308|79|51.8||1~DTM|472|20140929~CAS|CO|45|12.93||253|1.06~CAS|PR|2|13.21~REF|LU|32~REF|6R|1329926103Z1~AMT|B6|66.07~CLP|79-1369|19|104|68.25|17.41|MB|2814358596660|32|1~NM1|QC|1|BURTON|DOLORES|J|||HN|456446751A~NM1|82|1||||||XX|1962447805~NM1|TT|2|TX HEALTH & HUMAN SERVICES COMMI|||||PI|70051~MOA|||MA01|MA07~DTM|050|20141224~SVC|HC^99309|104|68.25||1~DTM|472|20140929~CAS|CO|45|16.95||253|1.39~CAS|PR|2|17.41~REF|LU|32~REF|6R|1329926093Z1~AMT|B6|87.05~CLP|117-1323|19|79|51.8|13.21|MB|2814358597050|31|1~NM1|QC|1|CHANCE|EUGENIA||||HN|466209252D~NM1|82|1||||||XX|1962447805~NM1|TT|2|TX HEALTH & HUMAN SERVICES COMMI|||||PI|70051~MOA|||MA01|MA07~DTM|050|20141224~SVC|HC^99308|79|51.8||1~DTM|472|20141007~CAS|CO|45|12.93||253|1.06~CAS|PR|2|13.21~REF|LU|31~REF|6R|1329958608Z1~AMT|B6|66.07~CLP|92-1392|19|51|33.58|8.57|MB|2814358596760|32|1~NM1|QC|1|COLLINS|VELMA||||HN|449463498D~NM1|82|1||||||XX|1962447805~NM1|TT|2|TX HEALTH & HUMAN SERVICES COMMI|||||PI|70051~MOA|||MA01|MA07~DTM|050|20141224~SVC|HC^99307|51|33.58||1~DTM|472|20140929~CAS|CO|45|8.16||253|.69~CAS|PR|2|8.57~REF|LU|32~REF|6R|1329926111Z1~AMT|B6|42.84~CLP|92-1336|19|193|126.15|32.18|MB|2814358596880|32|1~NM1|QC|1|COLLINS|VELMA||||HN|449463498D~NM1|82|1||||||XX|1962447805~NM1|TT|2|TX HEALTH & HUMAN SERVICES COMMI|||||PI|70051~MOA|||MA01|MA07~DTM|050|20141224~SVC|HC^99306|193|126.15||1~DTM|472|20141006~CAS|CO|45|32.1||253|2.57~CAS|PR|2|32.18~REF|LU|32~REF|6R|1329941195Z1~AMT|B6|160.9~CLP|216-1408|19|104|68.25|17.41|MB|2814358596360|32|1~NM1|QC|1|CRAWFORD|MARY||||HN|456448632D6~NM1|82|1||||||XX|1962447805~NM1|TT|2|TX HEALTH & HUMAN SERVICES COMMI|||||PI|70051~MOA|||MA01|MA07~DTM|050|20141224~SVC|HC^99309|104|68.25||1~DTM|472|20140922~CAS|CO|45|16.95||253|1.39~CAS|PR|2|17.41~REF|LU|32~REF|6R|1329903295Z1~AMT|B6|87.05~CLP|94-1368|19|104|68.25|17.41|MB|2814358596650|32|1~NM1|QC|1|CRENSHAW|RAYMOND||||HN|449505453M~NM1|82|1||||||XX|1962447805~NM1|TT|2|TX HEALTH & HUMAN SERVICES COMMI|||||PI|70051~MOA|||MA01|MA07~DTM|050|20141224~SVC|HC^99309|104|68.25||1~DTM|472|20140929~CAS|CO|45|16.95||253|1.39~CAS|PR|2|17.41~REF|LU|32~REF|6R|1329926091Z1~AMT|B6|87.05~CLP|120-1421|19|51|33.58|8.57|MB|2814358596940|31|1~NM1|QC|1|CROWDER|EVA||||HN|460445627A~NM1|82|1||||||XX|1962447805~NM1|TT|2|AETNA, INC.|||||PI|00060~MOA|||MA01|MA18~DTM|050|20141224~SVC|HC^99307|51|33.58||1~DTM|472|20141002~CAS|CO|45|8.16||253|.69~CAS|PR|2|8.57~REF|LU|31~REF|6R|1329941212Z1~AMT|B6|42.84~CLP|164-1439|19|104|68.25|17.41|MB|2814358597290|31|1~NM1|QC|1|DOMINGUEZ|MARIA||||HN|456542337A~NM1|82|1||||||XX|1962447805~NM1|TT|2|TX HEALTH & HUMAN SERVICES COMMI|||||PI|70051~MOA|||MA01|MA07~DTM|050|20141224~SVC|HC^99309|104|68.25||1~DTM|472|20141009~CAS|CO|45|16.95||253|1.39~CAS|PR|2|17.41~REF|LU|31~REF|6R|1329970783Z1~AMT|B6|87.05~CLP|251-1383|1|79|51.8|13.21|MB|2814358596720|32|1~NM1|QC|1|DURHAM|EMANUEL||||HN|454787983A~NM1|82|1||||||XX|1962447805~MOA|||MA01~DTM|050|20141224~SVC|HC^99308|79|51.8||1~DTM|472|20140929~CAS|CO|45|12.93||253|1.06~CAS|PR|2|13.21~REF|LU|32~REF|6R|1329926105Z1~AMT|B6|66.07~CLP|182-1344|19|104|68.25|17.41|MB|2814358597390|31|1~NM1|QC|1|EDWARDS|PATSY|R|||HN|455501964A~NM1|82|1||||||XX|1962447805~NM1|TT|2|NORTH AMERICAN INSURANCE COMPANY|||||PI|30155~MOA|||MA01|MA18~DTM|050|20141224~SVC|HC^99309|104|68.25||1~DTM|472|20140814~CAS|CO|45|16.95||253|1.39~CAS|PR|2|17.41~REF|LU|31~REF|6R|1330009808Z1~AMT|B6|87.05~CLP|108-1271|19|79|51.8|13.21|MB|2814358596160|31|1~NM1|QC|1|EGBUNIWE|GEORGE|I|||HN|456154959A~NM1|82|1||||||XX|1962447805~NM1|TT|2|TX HEALTH & HUMAN SERVICES COMMI|||||PI|70051~MOA|||MA01|MA07~DTM|050|20141224~SVC|HC^99308|79|51.8||1~DTM|472|20140805~CAS|CO|45|12.93||253|1.06~CAS|PR|2|13.21~REF|LU|31~REF|6R|1329889427Z1~AMT|B6|66.07~CLP|108-1315|19|109|71.38|18.21|MB|2814358596410|33|1~NM1|QC|1|EGBUNIWE|GEORGE|I|||HN|456154959A~NM1|82|1||||||XX|1962447805~NM1|TT|2|TX HEALTH & HUMAN SERVICES COMMI|||||PI|70051~MOA|||MA01|MA07~DTM|050|20141224~SVC|HC^99335|109|71.38||1~DTM|472|20140924~CAS|CO|45|17.95||253|1.46~CAS|PR|2|18.21~REF|LU|33~REF|6R|1329920346Z1~AMT|B6|91.05~CLP|108-1269|19|51|33.58|8.57|MB|2814358597020|31|1~NM1|QC|1|EGBUNIWE|GEORGE|I|||HN|456154959A~NM1|82|1||||||XX|1962447805~NM1|TT|2|TX HEALTH & HUMAN SERVICES COMMI|||||PI|70051~MOA|||MA01|MA07~DTM|050|20141224~SVC|HC^99307|51|33.58||1~DTM|472|20141007~CAS|CO|45|8.16||253|.69~CAS|PR|2|8.57~REF|LU|31~REF|6R|1329958605Z1~AMT|B6|42.84~CLP|147-1367|19|104|68.25|17.41|MB|2814358596640|32|1~NM1|QC|1|FIELDS|JOYCE||||HN|450487270A~NM1|82|1||||||XX|1962447805~NM1|TT|2|TX HEALTH & HUMAN SERVICES COMMI|||||PI|70051~MOA|||MA01|MA07~DTM|050|20141224~SVC|HC^99309|104|68.25||1~DTM|472|20140929~CAS|CO|45|16.95||253|1.39~CAS|PR|2|17.41~REF|LU|32~REF|6R|1329926089Z1~AMT|B6|87.05~CLP|72-1366|19|104|68.25|17.41|MB|2814358596630|32|1~NM1|QC|1|GAINES|GWENDOLYN||||HN|462219921TA~NM1|82|1||||||XX|1962447805~NM1|TT|2|TX HEALTH & HUMAN SERVICES COMMI|||||PI|70051~MOA|||MA01|MA07~DTM|050|20141224~SVC|HC^99309|104|68.25||1~DTM|472|20140929~CAS|CO|45|16.95||253|1.39~CAS|PR|2|17.41~REF|LU|32~REF|6R|1329926087Z1~AMT|B6|87.05~CLP|127-1372|19|104|68.25|17.41|MB|2814358596690|32|1~NM1|QC|1|GALIMORE|FELIXD||||HN|439522668A~NM1|82|1||||||XX|1962447805~NM1|TT|2|TX HEALTH & HUMAN SERVICES COMMI|||||PI|70051~MOA|||MA01|MA07~DTM|050|20141224~SVC|HC^99309|104|68.25||1~DTM|472|20140929~CAS|CO|45|16.95||253|1.39~CAS|PR|2|17.41~REF|LU|32~REF|6R|1329926098Z1~AMT|B6|87.05~CLP|73-1312|19|109|71.38|18.21|MB|2814358596390|33|1~NM1|QC|1|HAILEY|JANNIE||||HN|450869169A~NM1|82|1||||||XX|1962447805~NM1|TT|2|TX HEALTH & HUMAN SERVICES COMMI|||||PI|70051~MOA|||MA01|MA07~DTM|050|20141224~SVC|HC^99335|109|71.38||1~DTM|472|20140925~CAS|CO|45|17.95||253|1.46~CAS|PR|2|18.21~REF|LU|33~REF|6R|1329920344Z1~AMT|B6|91.05~CLP|261-1044|19|104|68.25|17.41|MB|2814358596150|32|1~NM1|QC|1|HARPER|JOE|M|||HN|452825305M~NM1|82|1||||||XX|1962447805~NM1|TT|2|TX HEALTH & HUMAN SERVICES COMMI|||||PI|70051~MOA|||MA01|MA07~DTM|050|20141224~SVC|HC^99309|104|68.25||1~DTM|472|20140814~CAS|CO|45|16.95||253|1.39~CAS|PR|2|17.41~REF|LU|32~REF|6R|1329889426Z1~AMT|B6|87.05~CLP|190-1445|1|104|68.25|17.41|MB|2814358597340|31|1~NM1|QC|1|HAWLEY|GARY|W|||HN|528029327A~NM1|82|1||||||XX|1962447805~MOA|||MA01~DTM|050|20141224~SVC|HC^99309|104|68.25||1~DTM|472|20141009~CAS|CO|45|16.95||253|1.39~CAS|PR|2|17.41~REF|LU|31~REF|6R|1329970788Z1~AMT|B6|87.05~CLP|220-1265|19|51|33.58|8.57|MB|2814358596980|31|1~NM1|QC|1|HOLCOMB|MICKEY|S|||HN|452969456M~NM1|82|1||||||XX|1962447805~NM1|TT|2|TX HEALTH & HUMAN SERVICES COMMI|||||PI|70051~MOA|||MA01|MA07~DTM|050|20141224~SVC|HC^99307|51|33.58||1~DTM|472|20141007~CAS|CO|45|8.16||253|.69~CAS|PR|2|8.57~REF|LU|31~REF|6R|1329958601Z1~AMT|B6|42.84~CLP|53-1365|19|104|68.25|17.41|MB|2814358596620|32|1~NM1|QC|1|HOLLAND|TRUDY||||HN|465045111A~NM1|82|1||||||XX|1962447805~NM1|TT|2|TX HEALTH & HUMAN SERVICES COMMI|||||PI|70051~MOA|||MA01|MA07~DTM|050|20141224~SVC|HC^99309|104|68.25||1~DTM|472|20140929~CAS|CO|45|16.95||253|1.39~CAS|PR|2|17.41~REF|LU|32~REF|6R|1329926085Z1~AMT|B6|87.05~CLP|219-1313|19|222|145.08|37.01|MB|2814358596400|33|1~NM1|QC|1|HOOVER|MINNIE|B|||HN|465549405M~NM1|82|1||||||XX|1962447805~NM1|TT|2|TX HEALTH & HUMAN SERVICES COMMI|||||PI|70051~MOA|||MA01|MA07~DTM|050|20141224~SVC|HC^99337|222|145.08||1~DTM|472|20140925~CAS|CO|45|36.95||253|2.96~CAS|PR|2|37.01~REF|LU|33~REF|6R|1329920345Z1~AMT|B6|185.05~CLP|219-1267|19|51|33.58|8.57|MB|2814358597000|31|1~NM1|QC|1|HOOVER|MINNIE|B|||HN|465549405M~NM1|82|1||||||XX|1962447805~NM1|TT|2|TX HEALTH & HUMAN SERVICES COMMI|||||PI|70051~MOA|||MA01|MA07~DTM|050|20141224~SVC|HC^99307|51|33.58||1~DTM|472|20141007~CAS|CO|45|8.16||253|.69~CAS|PR|2|8.57~REF|LU|31~REF|6R|1329958603Z1~AMT|B6|42.84~CLP|171-1345|19|104|68.25|17.41|MB|2814358596190|31|1~NM1|QC|1|HUYNH|MAU|T|||HN|640241790A~NM1|82|1||||||XX|1962447805~NM1|TT|2|TX HEALTH & HUMAN SERVICES COMMI|||||PI|70051~MOA|||MA01|MA07~DTM|050|20141224~SVC|HC^99309|104|68.25||1~DTM|472|20140814~CAS|CO|45|16.95||253|1.39~CAS|PR|2|17.41~REF|LU|31~REF|6R|1329889431Z1~AMT|B6|87.05~CLP|218-1442|19|79|51.8|13.21|MB|2814358596960|31|1~NM1|QC|1|JEFFREY|JOHN|G|||HN|450546301A~NM1|82|1||||||XX|1962447805~NM1|TT|2|WPS - TRICARE FOR LIFE|||||PI|60000~MOA|||MA01|MA18~DTM|050|20141224~SVC|HC^99308|79|51.8||1~DTM|472|20141002~CAS|CO|45|12.93||253|1.06~CAS|PR|2|13.21~REF|LU|31~REF|6R|1329941216Z1~AMT|B6|66.07~CLP|218-1441|19|79|51.8|13.21|MB|2814358597310|31|1~NM1|QC|1|JEFFREY|JOHN|G|||HN|450546301A~NM1|82|1||||||XX|1962447805~NM1|TT|2|WPS - TRICARE FOR LIFE|||||PI|60000~MOA|||MA01|MA18~DTM|050|20141224~SVC|HC^99308|79|51.8||1~DTM|472|20141009~CAS|CO|45|12.93||253|1.06~CAS|PR|2|13.21~REF|LU|31~REF|6R|1329970785Z1~AMT|B6|66.07~CLP|143-1364|19|104|68.25|17.41|MB|2814358596610|32|1~NM1|QC|1|JOHNSON|GEORGIA||||HN|360420759M~NM1|82|1||||||XX|1962447805~NM1|TT|2|TX HEALTH & HUMAN SERVICES COMMI|||||PI|70051~MOA|||MA01|MA07~DTM|050|20141224~SVC|HC^99309|104|68.25||1~DTM|472|20140929~CAS|CO|45|16.95||253|1.39~CAS|PR|2|17.41~REF|LU|32~REF|6R|1329926083Z1~AMT|B6|87.05~CLP|154-1363|19|104|68.25|17.41|MB|2814358596600|32|1~NM1|QC|1|LANGLEY|JIMMY||||HN|456584415A~NM1|82|1||||||XX|1962447805~NM1|TT|2|TX HEALTH & HUMAN SERVICES COMMI|||||PI|70051~MOA|||MA01|MA07~DTM|050|20141224~SVC|HC^99309|104|68.25||1~DTM|472|20140929~CAS|CO|45|16.95||253|1.39~CAS|PR|2|17.41~REF|LU|32~REF|6R|1329926081Z1~AMT|B6|87.05~CLP|158-1409|19|104|68.25|17.41|MB|2814358596370|32|1~NM1|QC|1|LUCKETT|MARY||||HN|523464493A~NM1|82|1||||||XX|1962447805~NM1|TT|2|TX HEALTH & HUMAN SERVICES COMMI|||||PI|70051~MOA|||MA01|MA07~DTM|050|20141224~SVC|HC^99309|104|68.25||1~DTM|472|20140922~CAS|CO|45|16.95||253|1.39~CAS|PR|2|17.41~REF|LU|32~REF|6R|1329903298Z1~AMT|B6|87.05~CLP|158-1397|19|104|68.25|17.41|MB|2814358596790|32|1~NM1|QC|1|LUCKETT|MARY||||HN|523464493A~NM1|82|1||||||XX|1962447805~NM1|TT|2|TX HEALTH & HUMAN SERVICES COMMI|||||PI|70051~MOA|||MA01|MA07~DTM|050|20141224~SVC|HC^99309|104|68.25||1~DTM|472|20140929~CAS|CO|45|16.95||253|1.39~CAS|PR|2|17.41~REF|LU|32~REF|6R|1329926118Z1~AMT|B6|87.05~CLP|158-1340|19|51|33.58|8.57|MB|2814358596920|32|1~NM1|QC|1|LUCKETT|MARY||||HN|523464493A~NM1|82|1||||||XX|1962447805~NM1|TT|2|TX HEALTH & HUMAN SERVICES COMMI|||||PI|70051~MOA|||MA01|MA07~DTM|050|20141224~SVC|HC^99307|51|33.58||1~DTM|472|20141006~CAS|CO|45|8.16||253|.69~CAS|PR|2|8.57~REF|LU|32~REF|6R|1329941203Z1~AMT|B6|42.84~CLP|25-1319|19|109|63.87|16.29|MB|2814358596450|33|1~NM1|QC|1|MARTINEZ|ROSA||||HN|564746716D~NM1|82|1||||||XX|1952303547~NM1|TT|2|TX HEALTH & HUMAN SERVICES COMMI|||||PI|70051~MOA|||MA01|MA07~DTM|050|20141224~SVC|HC^99335|109|63.87||1~DTM|472|20140926~CAS|CO|45|27.54||253|1.3~CAS|PR|2|16.29~REF|LU|33~REF|6R|1329920350Z1~AMT|B6|81.46~CLP|125-1274|19|104|68.25|17.41|MB|2814358596840|31|1~NM1|QC|1|MAYKUS|FRANK|J|||HN|465480358A~NM1|82|1||||||XX|1962447805~NM1|TT|2|AMERICAN CONTINENTAL INSU.|||||PI|30074~MOA|||MA01|MA18~DTM|050|20141224~SVC|HC^99309|104|68.25||1~DTM|472|20140724~CAS|CO|45|16.95||253|1.39~CAS|PR|2|17.41~REF|LU|31~REF|6R|1329929456Z1~AMT|B6|87.05~CLP|281-1206|1|193|126.15|32.18|MB|2814358596810|31|1~NM1|QC|1|MILLER|SAMUEL|L|||HN|450363530C2~NM1|82|1||||||XX|1962447805~MOA|||MA01~DTM|050|20141224~SVC|HC^99306|193|126.15||1~DTM|472|20140716~CAS|CO|45|32.1||253|2.57~CAS|PR|2|32.18~REF|LU|31~REF|6R|1329929453Z1~AMT|B6|160.9~CLP|214-1335|19|104|68.25|17.41|MB|2814358597140|31|1~NM1|QC|1|MILLER|WILLIAM|C|||HN|458344463A~NM1|82|1||||||XX|1962447805~NM1|TT|2|AETNA, INC.|||||PI|00060~MOA|||MA01|MA18~DTM|050|20141224~SVC|HC^99309|104|68.25||1~DTM|472|20141007~CAS|CO|45|16.95||253|1.39~CAS|PR|2|17.41~REF|LU|31~REF|6R|1329958617Z1~AMT|B6|87.05~CLP|214-1429|19|79|51.8|13.21|MB|2814358597200|31|1~NM1|QC|1|MILLER|WILLIAM|C|||HN|458344463A~NM1|82|1||||||XX|1962447805~NM1|TT|2|AETNA, INC.|||||PI|00060~MOA|||MA01|MA18~DTM|050|20141224~SVC|HC^99308|79|51.8||1~DTM|472|20141016~CAS|CO|45|12.93||253|1.06~CAS|PR|2|13.21~REF|LU|31~REF|6R|1329970774Z1~AMT|B6|66.07~CLP|214-1447|19|104|68.25|17.41|MB|2814358597350|31|1~NM1|QC|1|MILLER|WILLIAM|C|||HN|458344463A~NM1|82|1||||||XX|1962447805~NM1|TT|2|AETNA, INC.|||||PI|00060~MOA|||MA01|MA18~DTM|050|20141224~SVC|HC^99309|104|68.25||1~DTM|472|20141009~CAS|CO|45|16.95||253|1.39~CAS|PR|2|17.41~REF|LU|31~REF|6R|1329970789Z1~AMT|B6|87.05~CLP|29-1324|19|104|68.25|17.41|MB|2814358597060|31|1~NM1|QC|1|MOFFATT|RUBY|S|||HN|511149871B~NM1|82|1||||||XX|1962447805~NM1|TT|2|NORTH AMERICAN INSURANCE COMPANY|||||PI|30155~MOA|||MA01|MA18~DTM|050|20141224~SVC|HC^99309|104|68.25||1~DTM|472|20141007~CAS|CO|45|16.95||253|1.39~CAS|PR|2|17.41~REF|LU|31~REF|6R|1329958609Z1~AMT|B6|87.05~CLP|29-1428|19|79|51.8|13.21|MB|2814358597190|31|1~NM1|QC|1|MOFFATT|RUBY|S|||HN|511149871B~NM1|82|1||||||XX|1962447805~NM1|TT|2|NORTH AMERICAN INSURANCE COMPANY|||||PI|30155~MOA|||MA01|MA18~DTM|050|20141224~SVC|HC^99308|79|51.8||1~DTM|472|20141016~CAS|CO|45|12.93||253|1.06~CAS|PR|2|13.21~REF|LU|31~REF|6R|1329970772Z1~AMT|B6|66.07~CLP|29-1443|19|79|51.8|13.21|MB|2814358597320|31|1~NM1|QC|1|MOFFATT|RUBY|S|||HN|511149871B~NM1|82|1||||||XX|1962447805~NM1|TT|2|NORTH AMERICAN INSURANCE COMPANY|||||PI|30155~MOA|||MA01|MA18~DTM|050|20141224~SVC|HC^99308|79|51.8||1~DTM|472|20141009~CAS|CO|45|12.93||253|1.06~CAS|PR|2|13.21~REF|LU|31~REF|6R|1329970786Z1~AMT|B6|66.07~CLP|113-1334|19|79|51.8|13.21|MB|2814358597130|31|1~NM1|QC|1|MOORE|ERNEST|A|||HN|563407942A~NM1|82|1||||||XX|1962447805~NM1|TT|2|AETNA, INC.|||||PI|00060~MOA|||MA01|MA18~DTM|050|20141224~SVC|HC^99308|79|51.8||1~DTM|472|20141007~CAS|CO|45|12.93||253|1.06~CAS|PR|2|13.21~REF|LU|31~REF|6R|1329958616Z1~AMT|B6|66.07~CLP|113-1426|19|79|51.8|13.21|MB|2814358597180|31|1~NM1|QC|1|MOORE|ERNEST|A|||HN|563407942A~NM1|82|1||||||XX|1962447805~NM1|TT|2|AETNA, INC.|||||PI|00060~MOA|||MA01|MA18~DTM|050|20141224~SVC|HC^99308|79|51.8||1~DTM|472|20141009~CAS|CO|45|12.93||253|1.06~CAS|PR|2|13.21~REF|LU|31~REF|6R|1329970771Z1~AMT|B6|66.07~CLP|113-1431|19|79|51.8|13.21|MB|2814358597220|31|1~NM1|QC|1|MOORE|ERNEST|A|||HN|563407942A~NM1|82|1||||||XX|1962447805~NM1|TT|2|AETNA, INC.|||||PI|00060~MOA|||MA01|MA18~DTM|050|20141224~SVC|HC^99308|79|51.8||1~DTM|472|20141016~CAS|CO|45|12.93||253|1.06~CAS|PR|2|13.21~REF|LU|31~REF|6R|1329970776Z1~AMT|B6|66.07~CLP|228-1326|19|104|68.25|17.41|MB|2814358596860|31|1~NM1|QC|1|MORA|GLEN||||HN|461400603A~NM1|82|1||||||XX|1962447805~NM1|TT|2|UNITEDHEALTH GROUP|||||PI|30002~MOA|||MA01|MA18~DTM|050|20141224~SVC|HC^99309|104|68.25||1~DTM|472|20141002~CAS|CO|45|16.95||253|1.39~CAS|PR|2|17.41~REF|LU|31~REF|6R|1329941191Z1~AMT|B6|87.05~CLP|228-1327|19|104|68.25|17.41|MB|2814358597070|31|1~NM1|QC|1|MORA|GLEN||||HN|461400603A~NM1|82|1||||||XX|1962447805~NM1|TT|2|UNITEDHEALTH GROUP|||||PI|30002~MOA|||MA01|MA18~DTM|050|20141224~SVC|HC^99309|104|68.25||1~DTM|472|20141007~CAS|CO|45|16.95||253|1.39~CAS|PR|2|17.41~REF|LU|31~REF|6R|1329958610Z1~AMT|B6|87.05~CLP|228-1425|19|104|68.25|17.41|MB|2814358597170|31|1~NM1|QC|1|MORA|GLEN||||HN|461400603A~NM1|82|1||||||XX|1962447805~NM1|TT|2|UNITEDHEALTH GROUP|||||PI|30002~MOA|||MA01|MA18~DTM|050|20141224~SVC|HC^99309|104|68.25||1~DTM|472|20141009~CAS|CO|45|16.95||253|1.39~CAS|PR|2|17.41~REF|LU|31~REF|6R|1329970770Z1~AMT|B6|87.05~CLP|52-1318|19|109|63.87|16.29|MB|2814358596460|33|1~NM1|QC|1|MORSE|TRACY||||HN|462420991A~NM1|82|1||||||XX|1952303547~NM1|TT|2|AETNA, INC.|||||PI|00060~MOA|||MA01|MA18~DTM|050|20141224~SVC|HC^99335|109|63.87||1~DTM|472|20140926~CAS|CO|45|27.54||253|1.3~CAS|PR|2|16.29~REF|LU|33~REF|6R|1329920351Z1~AMT|B6|81.46~CLP|180-1314|19|109|71.38|18.21|MB|2814358596420|33|1~NM1|QC|1|OROZCO|SUSIE|S|||HN|456100250D~NM1|82|1||||||XX|1962447805~NM1|TT|2|TX HEALTH & HUMAN SERVICES COMMI|||||PI|70051~MOA|||MA01|MA07~DTM|050|20141224~SVC|HC^99335|109|71.38||1~DTM|472|20140925~CAS|CO|45|17.95||253|1.46~CAS|PR|2|18.21~REF|LU|33~REF|6R|1329920347Z1~AMT|B6|91.05~CLP|20-1349|19|79|51.8|13.21|MB|2814358596230|31|1~NM1|QC|1|PAGE|ROBERT|H|||HN|275349947A~NM1|82|1||||||XX|1962447805~NM1|TT|2|TX HEALTH & HUMAN SERVICES COMMI|||||PI|70051~MOA|||MA01|MA07~DTM|050|20141224~SVC|HC^99308|79|51.8||1~DTM|472|20140818~CAS|CO|45|12.93||253|1.06~CAS|PR|2|13.21~REF|LU|31~REF|6R|1329889435Z1~AMT|B6|66.07~CLP|20-1322|19|79|46.35|11.82|MB|2814358597030|31|1~NM1|QC|1|PAGE|ROBERT|H|||HN|275349947A~NM1|82|1||||||XX|1952303547~NM1|TT|2|TX HEALTH & HUMAN SERVICES COMMI|||||PI|70051~MOA|||MA01|MA07~DTM|050|20141224~SVC|HC^99308|79|46.35||1~DTM|472|20141007~CAS|CO|45|19.88||253|.95~CAS|PR|2|11.82~REF|LU|31~REF|6R|1329958606Z1~AMT|B6|59.12~CLP|100-1361|19|104|68.25|17.41|MB|2814358596580|32|1~NM1|QC|1|PETERSON|DEBORAH||||HN|464111423A~NM1|82|1||||||XX|1962447805~NM1|TT|2|TX HEALTH & HUMAN SERVICES COMMI|||||PI|70051~MOA|||MA01|MA07~DTM|050|20141224~SVC|HC^99309|104|68.25||1~DTM|472|20140929~CAS|CO|45|16.95||253|1.39~CAS|PR|2|17.41~REF|LU|32~REF|6R|1329926077Z1~AMT|B6|87.05~CLP|206-1353|19|104|68.25|17.41|MB|2814358596240|32|1~NM1|QC|1|ROBERTS|MILTON||||HN|459741771A~NM1|82|1||||||XX|1962447805~NM1|TT|2|TX HEALTH & HUMAN SERVICES COMMI|||||PI|70051~MOA|||MA01|MA07~DTM|050|20141224~SVC|HC^99309|104|68.25||1~DTM|472|20140826~CAS|CO|45|16.95||253|1.39~CAS|PR|2|17.41~REF|LU|32~REF|6R|1329889436Z1~AMT|B6|87.05~CLP|31-1385|19|79|51.8|13.21|MB|2814358596320|32|1~NM1|QC|1|ROSS|RUTH|E|||HN|459603783D~NM1|82|1||||||XX|1962447805~NM1|TT|2|TX HEALTH & HUMAN SERVICES COMMI|||||PI|70051~MOA|||MA01|MA07~DTM|050|20141224~SVC|HC^99308|79|51.8||1~DTM|472|20140922~CAS|CO|45|12.93||253|1.06~CAS|PR|2|13.21~REF|LU|32~REF|6R|1329903284Z1~AMT|B6|66.07~CLP|31-1337|19|51|33.58|8.57|MB|2814358596890|32|1~NM1|QC|1|ROSS|RUTH|E|||HN|459603783D~NM1|82|1||||||XX|1962447805~NM1|TT|2|TX HEALTH & HUMAN SERVICES COMMI|||||PI|70051~MOA|||MA01|MA07~DTM|050|20141224~SVC|HC^99307|51|33.58||1~DTM|472|20141006~CAS|CO|45|8.16||253|.69~CAS|PR|2|8.57~REF|LU|32~REF|6R|1329941197Z1~AMT|B6|42.84~CLP|26-1316|19|109|71.38|18.21|MB|2814358596440|33|1~NM1|QC|1|ROWDEN|LESLIE||||HN|466689188C1~NM1|82|1||||||XX|1962447805~NM1|TT|2|TX HEALTH & HUMAN SERVICES COMMI|||||PI|70051~MOA|||MA01|MA07~DTM|050|20141224~SVC|HC^99335|109|71.38||1~DTM|472|20140925~CAS|CO|45|17.95||253|1.46~CAS|PR|2|18.21~REF|LU|33~REF|6R|1329920349Z1~AMT|B6|91.05~CLP|26-1399|19|109|63.87|16.29|MB|2814358596480|33|1~NM1|QC|1|ROWDEN|LESLIE||||HN|466689188C1~NM1|82|1||||||XX|1952303547~NM1|TT|2|TX HEALTH & HUMAN SERVICES COMMI|||||PI|70051~MOA|||MA01|MA07~DTM|050|20141224~SVC|HC^99335|109|63.87||1~DTM|472|20140919~CAS|CO|45|27.54||253|1.3~CAS|PR|2|16.29~REF|LU|33~REF|6R|1329920353Z1~AMT|B6|81.46~CLP|26-1268|19|51|33.58|8.57|MB|2814358597010|31|1~NM1|QC|1|ROWDEN|LESLIE||||HN|466689188C1~NM1|82|1||||||XX|1962447805~NM1|TT|2|TX HEALTH & HUMAN SERVICES COMMI|||||PI|70051~MOA|||MA01|MA07~DTM|050|20141224~SVC|HC^99307|51|33.58||1~DTM|472|20141007~CAS|CO|45|8.16||253|.69~CAS|PR|2|8.57~REF|LU|31~REF|6R|1329958604Z1~AMT|B6|42.84~CLP|134-1343|19|104|68.25|17.41|MB|2814358596260|31|1~NM1|QC|1|RUBIO|JANE||||HN|456449295B~NM1|82|1||||||XX|1962447805~NM1|TT|2|TX HEALTH & HUMAN SERVICES COMMI|||||PI|70051~MOA|||MA01|MA07~DTM|050|20141224~SVC|HC^99309|104|68.25||1~DTM|472|20140904~CAS|CO|45|16.95||253|1.39~CAS|PR|2|17.41~REF|LU|31~REF|6R|1329903273Z1~AMT|B6|87.05~CLP|292-1450|19|155|90.82|23.17|MB|2814358596380|31|1~NM1|QC|1|RUIZ|NORA||||HN|453383522A~NM1|82|1||||||XX|1952303547~NM1|TT|2|NORTH AMERICAN INSURANCE COMPANY|||||PI|30155~MOA|||MA01|MA18~DTM|050|20141224~SVC|HC^99310|155|90.82||1~DTM|472|20140922~CAS|CO|45|39.16||253|1.85~CAS|PR|2|23.17~REF|LU|31~REF|6R|1329903300Z1~AMT|B6|115.84~CLP|292-1451|19|84|55|14.03|MB|2814358596970|31|1~NM1|QC|1|RUIZ|NORA||||HN|453383522A~NM1|82|1||||||XX|1962447805~NM1|TT|2|NORTH AMERICAN INSURANCE COMPANY|||||PI|30155~MOA|||MA01|MA18~DTM|050|20141224~SVC|HC^99315|84|55||1~DTM|472|20141002~CAS|CO|45|13.85||253|1.12~CAS|PR|2|14.03~REF|LU|31~REF|6R|1329941218Z1~AMT|B6|70.15~CLP|201-1333|19|51|33.58|8.57|MB|2814358597110|31|1~NM1|QC|1|SANCHEZ|KATHRYN|D|||HN|452825891A~NM1|82|1||||||XX|1962447805~NM1|TT|2|MUTUAL OF OMAHA INSURANCE COMP|||||PI|30090~MOA|||MA01|MA18~DTM|050|20141224~SVC|HC^99307|51|33.58||1~DTM|472|20141007~CAS|CO|45|8.16||253|.69~CAS|PR|2|8.57~REF|LU|31~REF|6R|1329958614Z1~AMT|B6|42.84~CLP|50-1387|19|79|51.8|13.21|MB|2814358596730|32|1~NM1|QC|1|SANDERS|TONY|R|||HN|467086770A~NM1|82|1||||||XX|1962447805~NM1|TT|2|TX HEALTH & HUMAN SERVICES COMMI|||||PI|70051~MOA|||MA01|MA07~DTM|050|20141224~SVC|HC^99308|79|51.8||1~DTM|472|20140929~CAS|CO|45|12.93||253|1.06~CAS|PR|2|13.21~REF|LU|32~REF|6R|1329926106Z1~AMT|B6|66.07~CLP|123-1317|19|70|40.79|10.4|MB|2814358596430|33|1~NM1|QC|1|SAPOZNIKOV|FORTUNA|M|||HN|450888542A~NM1|82|1||||||XX|1952303547~NM1|TT|2|TX HEALTH & HUMAN SERVICES COMMI|||||PI|70051~MOA|||MA01|MA07~DTM|050|20141224~SVC|HC^99334|70|40.79||1~DTM|472|20140926~CAS|CO|45|17.98||253|.83~CAS|PR|2|10.4~REF|LU|33~REF|6R|1329920348Z1~AMT|B6|52.02~CLP|107-1424|19|51|33.58|8.57|MB|2814358597150|31|1~NM1|QC|1|SHERIDAN|EDNA|V|||HN|486241601A~NM1|82|1||||||XX|1962447805~NM1|TT|2|HCSC-BCBS OF IL,OTHER B ONLY|||||PI|00041~MOA|||MA01|MA18~DTM|050|20141224~SVC|HC^99307|51|33.58||1~DTM|472|20141008~CAS|CO|45|8.16||253|.69~CAS|PR|2|8.57~REF|LU|31~REF|6R|1329958618Z1~AMT|B6|42.84~CLP|37-1390|19|51|33.58|8.57|MB|2814358596750|32|1~NM1|QC|1|SMALLE|WILLIE||||HN|441409399A~NM1|82|1||||||XX|1962447805~NM1|TT|2|TX HEALTH & HUMAN SERVICES COMMI|||||PI|70051~MOA|||MA01|MA07~DTM|050|20141224~SVC|HC^99307|51|33.58||1~DTM|472|20140929~CAS|CO|45|8.16||253|.69~CAS|PR|2|8.57~REF|LU|32~REF|6R|1329926110Z1~AMT|B6|42.84~CLP|37-1338|19|51|33.58|8.57|MB|2814358596900|32|1~NM1|QC|1|SMALLE|WILLIE||||HN|441409399A~NM1|82|1||||||XX|1962447805~NM1|TT|2|TX HEALTH & HUMAN SERVICES COMMI|||||PI|70051~MOA|||MA01|MA07~DTM|050|20141224~SVC|HC^99307|51|33.58||1~DTM|472|20141006~CAS|CO|45|8.16||253|.69~CAS|PR|2|8.57~REF|LU|32~REF|6R|1329941199Z1~AMT|B6|42.84~CLP|38-933|19|51|33.58|8.57|MB|2814358596250|32|1~NM1|QC|1|SMITH|IVORY|D|||HN|466683089A~NM1|82|1||||||XX|1962447805~NM1|TT|2|TX HEALTH & HUMAN SERVICES COMMI|||||PI|70051~MOA|||MA01|MA07~DTM|050|20141224~SVC|HC^99307|51|33.58||1~DTM|472|20140915~CAS|CO|45|8.16||253|.69~CAS|PR|2|8.57~REF|LU|32~REF|6R|1329903271Z1~AMT|B6|42.84~CLP|38-1377|19|51|33.58|8.57|MB|2814358596290|32|1~NM1|QC|1|SMITH|IVORY|D|||HN|466683089A~NM1|82|1||||||XX|1962447805~NM1|TT|2|TX HEALTH & HUMAN SERVICES COMMI|||||PI|70051~MOA|||MA01|MA07~DTM|050|20141224~SVC|HC^99307|51|33.58||1~DTM|472|20140922~CAS|CO|45|8.16||253|.69~CAS|PR|2|8.57~REF|LU|32~REF|6R|1329903279Z1~AMT|B6|42.84~CLP|38-1374|19|104|68.25|17.41|MB|2814358596700|32|1~NM1|QC|1|SMITH|IVORY|D|||HN|466683089A~NM1|82|1||||||XX|1962447805~NM1|TT|2|TX HEALTH & HUMAN SERVICES COMMI|||||PI|70051~MOA|||MA01|MA07~DTM|050|20141224~SVC|HC^99309|104|68.25||1~DTM|472|20140929~CAS|CO|45|16.95||253|1.39~CAS|PR|2|17.41~REF|LU|32~REF|6R|1329926101Z1~AMT|B6|87.05~CLP|38-1339|19|51|33.58|8.57|MB|2814358596910|32|1~NM1|QC|1|SMITH|IVORY|D|||HN|466683089A~NM1|82|1||||||XX|1962447805~NM1|TT|2|TX HEALTH & HUMAN SERVICES COMMI|||||PI|70051~MOA|||MA01|MA07~DTM|050|20141224~SVC|HC^99307|51|33.58||1~DTM|472|20141006~CAS|CO|45|8.16||253|.69~CAS|PR|2|8.57~REF|LU|32~REF|6R|1329941201Z1~AMT|B6|42.84~CLP|149-1405|19|104|68.25|17.41|MB|2814358596340|32|1~NM1|QC|1|SMITH|KAREN||||HN|464080734A~NM1|82|1||||||XX|1962447805~NM1|TT|2|TX HEALTH & HUMAN SERVICES COMMI|||||PI|70051~MOA|||MA01|MA07~DTM|050|20141224~SVC|HC^99309|104|68.25||1~DTM|472|20140922~CAS|CO|45|16.95||253|1.39~CAS|PR|2|17.41~REF|LU|32~REF|6R|1329903291Z1~AMT|B6|87.05~CLP|149-1393|19|51|33.58|8.57|MB|2814358596770|32|1~NM1|QC|1|SMITH|KAREN||||HN|464080734A~NM1|82|1||||||XX|1962447805~NM1|TT|2|TX HEALTH & HUMAN SERVICES COMMI|||||PI|70051~MOA|||MA01|MA07~DTM|050|20141224~SVC|HC^99307|51|33.58||1~DTM|472|20140929~CAS|CO|45|8.16||253|.69~CAS|PR|2|8.57~REF|LU|32~REF|6R|1329926113Z1~AMT|B6|42.84~CLP|149-1341|19|51|33.58|8.57|MB|2814358596930|32|1~NM1|QC|1|SMITH|KAREN||||HN|464080734A~NM1|82|1||||||XX|1962447805~NM1|TT|2|TX HEALTH & HUMAN SERVICES COMMI|||||PI|70051~MOA|||MA01|MA07~DTM|050|20141224~SVC|HC^99307|51|33.58||1~DTM|472|20141006~CAS|CO|45|8.16||253|.69~CAS|PR|2|8.57~REF|LU|32~REF|6R|1329941205Z1~AMT|B6|42.84~CLP|85-1320|19|109|63.87|16.29|MB|2814358596470|33|1~NM1|QC|1|SNOW|CAROLYN||||HN|442403577A~NM1|82|1||||||XX|1952303547~NM1|TT|2|TX HEALTH & HUMAN SERVICES COMMI|||||PI|70051~MOA|||MA01|MA07~DTM|050|20141224~SVC|HC^99335|109|63.87||1~DTM|472|20140926~CAS|CO|45|27.54||253|1.3~CAS|PR|2|16.29~REF|LU|33~REF|6R|1329920352Z1~AMT|B6|81.46~CLP|42-1351|1|104|68.25|17.41|MB|2814358596270|32|1~NM1|QC|1|SPENCER|GERALDINE|M|||HN|450745441A~NM1|82|1||||||XX|1962447805~MOA|||MA01~DTM|050|20141224~SVC|HC^99309|104|68.25||1~DTM|472|20140903~CAS|CO|45|16.95||253|1.39~CAS|PR|2|17.41~REF|LU|32~REF|6R|1329903275Z1~AMT|B6|87.05~CLP|42-1359|1|104|68.25|17.41|MB|2814358596570|32|1~NM1|QC|1|SPENCER|GERALDINE|M|||HN|450745441A~NM1|82|1||||||XX|1962447805~MOA|||MA01~DTM|050|20141224~SVC|HC^99309|104|68.25||1~DTM|472|20140929~CAS|CO|45|16.95||253|1.39~CAS|PR|2|17.41~REF|LU|32~REF|6R|1329926075Z1~AMT|B6|87.05~CLP|44-1394|19|51|33.58|8.57|MB|2814358596780|32|1~NM1|QC|1|STEWARD|OTIS LEE||||HN|450965045A~NM1|82|1||||||XX|1962447805~NM1|TT|2|TX HEALTH & HUMAN SERVICES COMMI|||||PI|70051~MOA|||MA01|MA07~DTM|050|20141224~SVC|HC^99307|51|33.58||1~DTM|472|20140929~CAS|CO|45|8.16||253|.69~CAS|PR|2|8.57~REF|LU|32~REF|6R|1329926115Z1~AMT|B6|42.84~CLP|47-1358|19|104|68.25|17.41|MB|2814358596560|32|1~NM1|QC|1|THOMAS|JIMMIE M||||HN|427101367D~NM1|82|1||||||XX|1962447805~NM1|TT|2|TX HEALTH & HUMAN SERVICES COMMI|||||PI|70051~MOA|||MA01|MA07~DTM|050|20141224~SVC|HC^99309|104|68.25||1~DTM|472|20140929~CAS|CO|45|16.95||253|1.39~CAS|PR|2|17.41~REF|LU|32~REF|6R|1329926073Z1~AMT|B6|87.05~CLP|54-1356|19|104|68.25|17.41|MB|2814358596550|32|1~NM1|QC|1|TYLER|MARY|L|||HN|454260356A~NM1|82|1||||||XX|1962447805~NM1|TT|2|AETNA, INC.|||||PI|00060~MOA|||MA01|MA18~DTM|050|20141224~SVC|HC^99309|104|68.25||1~DTM|472|20140929~CAS|CO|45|16.95||253|1.39~CAS|PR|2|17.41~REF|LU|32~REF|6R|1329926070Z1~AMT|B6|87.05~CLP|195-1346|1|104|68.25|17.41|MB|2814358596200|31|1~NM1|QC|1|VEACH|CAROL|A|||HN|388320226A~NM1|82|1||||||XX|1962447805~MOA|||MA01~DTM|050|20141224~SVC|HC^99309|104|68.25||1~DTM|472|20140814~CAS|CO|45|16.95||253|1.39~CAS|PR|2|17.41~REF|LU|31~REF|6R|1329889432Z1~AMT|B6|87.05~CLP|274-1331|19|193|126.15|32.18|MB|2814358597120|31|1~NM1|QC|1|VINSON|BOLEKA|M|||HN|643580877T~NM1|82|1||||||XX|1962447805~NM1|TT|2|TX HEALTH & HUMAN SERVICES COMMI|||||PI|70051~MOA|||MA01|MA07~DTM|050|20141224~SVC|HC^99306|193|126.15||1~DTM|472|20141007~CAS|CO|45|32.1||253|2.57~CAS|PR|2|32.18~REF|LU|31~REF|6R|1329958615Z1~AMT|B6|160.9~CLP|274-1436|19|104|68.25|17.41|MB|2814358597260|31|1~NM1|QC|1|VINSON|BOLEKA|M|||HN|643580877T~NM1|82|1||||||XX|1962447805~NM1|TT|2|TX HEALTH & HUMAN SERVICES COMMI|||||PI|70051~MOA|||MA01|MA07~DTM|050|20141224~SVC|HC^99309|104|68.25||1~DTM|472|20141016~CAS|CO|45|16.95||253|1.39~CAS|PR|2|17.41~REF|LU|31~REF|6R|1329970780Z1~AMT|B6|87.05~CLP|184-1440|19|104|68.25|17.41|MB|2814358597300|31|1~NM1|QC|1|WARREN|PAULINE||||HN|460100892D~NM1|82|1||||||XX|1962447805~NM1|TT|2|TX HEALTH & HUMAN SERVICES COMMI|||||PI|70051~MOA|||MA01|MA07~DTM|050|20141224~SVC|HC^99309|104|68.25||1~DTM|472|20141009~CAS|CO|45|16.95||253|1.39~CAS|PR|2|17.41~REF|LU|31~REF|6R|1329970784Z1~AMT|B6|87.05~CLP|181-1347|19|79|51.8|13.21|MB|2814358596210|31|1~NM1|QC|1|WILLIAMS|OSCAR|D|||HN|449343970A~NM1|82|1||||||XX|1962447805~NM1|TT|2|TX HEALTH & HUMAN SERVICES COMMI|||||PI|70051~MOA|||MA01|MA07~DTM|050|20141224~SVC|HC^99308|79|51.8||1~DTM|472|20140814~CAS|CO|45|12.93||253|1.06~CAS|PR|2|13.21~REF|LU|31~REF|6R|1329889433Z1~AMT|B6|66.07~CLP|118-1272|19|79|51.8|13.21|MB|2814358596820|31|1~NM1|QC|1|WILSON|EUNICE|C|||HN|501261218A~NM1|82|1||||||XX|1962447805~NM1|TT|2|TX HEALTH & HUMAN SERVICES COMMI|||||PI|70051~MOA|||MA01|MA07~DTM|050|20141224~SVC|HC^99308|79|51.8||1~DTM|472|20140724~CAS|CO|45|12.93||253|1.06~CAS|PR|2|13.21~REF|LU|31~REF|6R|1329929454Z1~AMT|B6|66.07~CLP|67-1354|19|104|68.25|17.41|MB|2814358596540|32|1~NM1|QC|1|WORDLAW|LISA||||HN|452279395A~NM1|82|1||||||XX|1962447805~NM1|TT|2|TX HEALTH & HUMAN SERVICES COMMI|||||PI|70051~MOA|||MA01|MA07~DTM|050|20141224~SVC|HC^99309|104|68.25||1~DTM|472|20140929~CAS|CO|45|16.95||253|1.39~CAS|PR|2|17.41~REF|LU|32~REF|6R|1329926068Z1~AMT|B6|87.05~CLP|68-1400|19|109|63.87|16.29|MB|2814358596500|33|1~NM1|QC|1|YOUNG|AUDREY||||HN|449683350A~NM1|82|1||||||XX|1952303547~NM1|TT|2|UNITEDHEALTH GROUP|||||PI|30002~MOA|||MA01|MA18~DTM|050|20141224~SVC|HC^99335|109|63.87||1~DTM|472|20140919~CAS|CO|45|27.54||253|1.3~CAS|PR|2|16.29~REF|LU|33~REF|6R|1329920355Z1~AMT|B6|81.46~CLP|69-1266|19|104|68.25|17.41|MB|2814358596990|31|1~NM1|QC|1|ZEPEDA|MARIA|L|||HN|458052952A~NM1|82|1||||||XX|1962447805~NM1|TT|2|TX HEALTH & HUMAN SERVICES COMMI|||||PI|70051~MOA|||MA01|MA07~DTM|050|20141224~SVC|HC^99309|104|68.25||1~DTM|472|20141007~CAS|CO|45|16.95||253|1.39~CAS|PR|2|17.41~REF|LU|31~REF|6R|1329958602Z1~AMT|B6|87.05~SE|1271|0002~GE|2|431~IEA|1|000000436~