ISA|00|          |00|          |ZZ|ZIRMED         |ZZ|PAYER          |150827|0957|U|00401|000001274|0|P|^~GS|HP|ZIRMED|PROVIDERHIS|20150827|0957|1269|X|004010X091A1~ST|835|0001~BPR|I|370.75|C|ACH|CCP|01|071000505|DA|5800366444|1742770542||01|111000025|DA|488038453432|20150827~TRN|1|0901481333|1742770542~REF|EV|999999999999999~DTM|405|20150827~N1|PR|SUPERIOR HEALTH PLAN~N3|6070 GATEWAY EAST|SUITE 400~N4|EL PASO|TX|79905~N1|PE|DFW GERIATRICS PLLC|XX|1063835361~N3|2925 SKWY CIR N~N4|IRVING|TX|75038~REF|TJ|464596718~LX|1~CLP|6046-3640|1|130|51.4||HM|O234TXE06441|11|E~NM1|QC|1|CHAVEZ|CATHERINE||||MR|506194931~NM1|IL|1|CHAVEZ|CATHERINE||||MI|00251050401~NM1|82|1|KETHA|SUMANA||||XX|1962447805~REF|EA|000000024802~REF|G2|168813~SVC|HC^99214|130|51.4||1~DTM|472|20150814~CAS|CO|45|78.6~REF|6R|1533470440Z1~REF|HPI|1962447805~AMT|B6|51.4~LX|2~CLP|1504-3597|1|405|267.95||HM|O234TXE06443|11|E~NM1|QC|1|VAN|NICHOLAS||||MR|503002967~NM1|IL|1|VAN|NICHOLAS||||MI|00184103401~NM1|82|1|KETHA|SUMANA||||XX|1962447805~REF|EA|000000024803~REF|G2|168813~SVC|HC^99205^25|149|108.88||1~DTM|472|20150710~CAS|CO|45|40.12~REF|6R|1533632736Z1~REF|HPI|1962447805~AMT|B6|108.88~SVC|HC^94760|4|0||1~DTM|472|20150710~CAS|CO|97|4~REF|6R|1533632736Z2~REF|HPI|1962447805~AMT|B6|2.65~LQ|HE|N525~SVC|HC^95923|252|159.07||1~DTM|472|20150710~CAS|CO|45|92.93~REF|6R|1533632736Z3~REF|HPI|1962447805~AMT|B6|159.07~LX|3~CLP|1504-3569|1|130|51.4||HM|O234TXE06449|11|E~NM1|QC|1|VAN|NICHOLAS||||MR|503002967~NM1|IL|1|VAN|NICHOLAS||||MI|00184103401~NM1|82|1|KETHA|SUMANA||||XX|1962447805~REF|EA|000000024804~REF|G2|168813~SVC|HC^99214|130|51.4||1~DTM|472|20150810~CAS|CO|45|78.6~REF|6R|1533470395Z1~REF|HPI|1962447805~AMT|B6|51.4~SE|65|0001~GE|1|1269~IEA|1|000001274~