ISA|00|          |00|          |ZZ|ZIRMED         |29|E12705         |150604|0322|U|00401|000001000|0|P|^~GS|HP|ZIRMED|E12705|20150604|0322|995|X|004010X091A1~ST|835|0001~BPR|I|546.04|C|ACH|CCP|01|081517693|DA|152302017594|1205296137||01|111000025|DA|488038453432|20150604~TRN|1|890317825|1205296137~REF|EV|E12705~DTM|405|20150603~N1|PR|NOVITAS SOLUTIONS, INC.~N3|PO BOX 3110~N4|MECHANICSBURG|PA|170551826~REF|2U|04412~PER|CX||TE|8552528782~N1|PE|DFW GERIATRICS PLLC|XX|1063835361~N3|2925 SKYWAY CIRCLE NORTH~N4|IRVING|TX|750383510~REF|TJ|464596718~LX|1~CLP|377-2286|19|130|72.61|18.52|MB|2815141208270|11|1~NM1|QC|1|BROOKS|WALTER||||HN|433150139A~NM1|82|1||||||XX|1679978068~NM1|TT|2|TX HEALTH & HUMAN SERVICES COMMI|||||PI|70051~MOA|||MA01|MA07~DTM|050|20150521~SVC|HC^99214|130|72.61||1~DTM|472|20150123~CAS|CO|45|37.39||253|1.48~CAS|PR|2|18.52~REF|6R|1455234278Z1~REF|LU|11~AMT|B6|92.61~CLP|304-1613|1|130|72.32|18.45|MB|2815141208240|11|1~NM1|QC|1|CEPEDA|MARGIE||||HN|429762401A~NM1|82|1||||||XX|1679978068~MOA|||MA01~DTM|050|20150521~SVC|HC^99214|130|72.32||1~DTM|472|20141121~CAS|CO|45|37.75||253|1.48~CAS|PR|2|18.45~REF|6R|1455217190Z1~REF|LU|11~AMT|B6|92.25~CLP|304-1826|1|130|72.32|18.45|MB|2815141208250|11|1~NM1|QC|1|CEPEDA|MARGIE||||HN|429762401A~NM1|82|1||||||XX|1679978068~MOA|||MA01~DTM|050|20150521~SVC|HC^99214|130|72.32||1~DTM|472|20141107~CAS|CO|45|37.75||253|1.48~CAS|PR|2|18.45~REF|6R|1455217193Z1~REF|LU|11~AMT|B6|92.25~CLP|380-2808|19|130|72.61|18.52|MB|2815141208280|11|1~NM1|QC|1|HAYNES|WILLIAM||||HN|455726510A~NM1|82|1||||||XX|1679978068~NM1|TT|2|TX HEALTH & HUMAN SERVICES COMMI|||||PI|70051~MOA|||MA01|MA07~DTM|050|20150521~SVC|HC^99214|130|72.61||1~DTM|472|20150414~CAS|CO|45|37.39||253|1.48~CAS|PR|2|18.52~REF|6R|1455238526Z1~REF|LU|11~AMT|B6|92.61~CLP|380-2570|19|130|72.61|18.52|MB|2815141208290|11|1~NM1|QC|1|HAYNES|WILLIAM||||HN|455726510A~NM1|82|1||||||XX|1679978068~NM1|TT|2|TX HEALTH & HUMAN SERVICES COMMI|||||PI|70051~MOA|||MA01|MA07~DTM|050|20150521~SVC|HC^99214|130|72.61||1~DTM|472|20150217~CAS|CO|45|37.39||253|1.48~CAS|PR|2|18.52~REF|6R|1455238527Z1~REF|LU|11~AMT|B6|92.61~CLP|351-2285|1|178|110.96|18.45|MB|2815141208260|11|1~NM1|QC|1|RASOR|LINDA||||HN|452761409A~NM1|82|1||||||XX|1679978068~MOA|||MA01~DTM|050|20150521~SVC|HC^99214|130|72.32||1~DTM|472|20141208~CAS|CO|45|37.75||253|1.48~CAS|PR|2|18.45~REF|6R|1455232781Z1~REF|LU|11~AMT|B6|92.25~SVC|HC^90656|17|13.82||1~DTM|472|20141208~CAS|CO|45|2.9||253|.28~REF|6R|1455232781Z2~REF|LU|11~AMT|B6|14.1~SVC|HC^G0008|31|24.82||1~DTM|472|20141208~CAS|CO|45|5.67||253|.51~REF|6R|1455232781Z3~REF|LU|11~AMT|B6|25.33~CLP|410-2612|19|130|72.61|18.52|MB|2815141208230|11|1~NM1|QC|1|TAYLOR|LEONARD||||HN|426680464A~NM1|82|1||||||XX|1679978068~NM1|TT|2|TX HEALTH & HUMAN SERVICES COMMI|||||PI|70051~MOA|||MA01|MA07~DTM|050|20150521~SVC|HC^99214|130|72.61||1~DTM|472|20150309~CAS|CO|45|37.39||253|1.48~CAS|PR|2|18.52~REF|6R|1455025493Z1~REF|LU|11~AMT|B6|92.61~SE|116|0001~GE|1|995~IEA|1|000001000~