ISA|00|          |00|          |ZZ|ZIRMED         |29|E12705         |150328|0524|U|00401|000000723|0|P|^~GS|HP|ZIRMED|E12705|20150328|0524|718|X|004010X091A1~ST|835|0001~BPR|I|120.87|C|ACH|CCP|01|081517693|DA|152302017594|1205296137||01|111000025|DA|488038453432|20150330~TRN|1|889870360|1205296137~REF|EV|E12705~DTM|405|20150327~N1|PR|NOVITAS SOLUTIONS, INC.~N3|PO BOX 3110~N4|MECHANICSBURG|PA|170551826~REF|2U|04412~PER|CX||TE|8552528782~N1|PE|DFW GERIATRICS PLLC|XX|1063835361~N3|2925 SKYWAY CIRCLE NORTH~N4|IRVING|TX|750383510~REF|TJ|464596718~LX|1~CLP|180-342|19|51|30.05|7.67|MB|2815075608540|31|1~NM1|QC|1|OROZCO|SUSIE|S|||HN|456100250D~NM1|82|1||||||XX|1952303547~NM1|TT|2|TX HEALTH & HUMAN SERVICES COMMI|||||PI|70051~MOA|||MA01|MA07~DTM|050|20150316~SVC|HC^99307|51|30.05||1~DTM|472|20140703~CAS|CO|45|12.67||253|.61~CAS|PR|2|7.67~REF|LU|31~REF|6R|1398365722Z1~AMT|B6|38.33~CLP|71-329|1|155|90.82|23.17|MB|2815075608530|31|1~NM1|QC|1|WHITNEY|GRACE|A|||HN|463549144A~NM1|82|1||||||XX|1952303547~MOA|||MA01~DTM|050|20150316~SVC|HC^99310|155|90.82||1~DTM|472|20140702~CAS|CO|45|39.16||253|1.85~CAS|PR|2|23.17~REF|LU|31~REF|6R|1398365341Z1~AMT|B6|115.84~SE|41|0001~GE|1|718~IEA|1|000000723~