ISA|00|          |00|          |ZZ|ZIRMED         |ZZ|PAYER          |151230|1259|U|00401|000001696|0|P|^~GS|HP|ZIRMED|PROVIDERHIS|20151230|1259|1691|X|004010X091A1~ST|835|0001~BPR|I|0|C|ACH|CCP|01|111000614|DA|885693010|1208058761||01|111000025|DA|488038453432|20151230~TRN|1|1000411913|1208058761~REF|EV|472325~N1|PR|WELLCARE OF TEXAS, INC.|XV|208058761~N3|P.O. BOX 31370~N4|TAMPA|FL|33631~REF|2U|TMD~N1|PE|DFW GERIATRICS PLLC|FI|464596718~N3|2925 SKYWAY CIRCLE NORTH~N4|IRVING|TX|75038~LX|1~TS3|464596718|11|20151231|4|528~CLP|6037-4322|2|130|0||MC|597203810~NM1|QC|1|RUSK|RONALD|F|||MI|16349155~NM1|82|1|KETHA|SUMANA||||XX|1962447805~REF|G2|520919~DTM|232|20151113~AMT|AU|47.68~SVC|HC^99214|130|0||1~DTM|472|20151113~CAS|OA|23|130~REF|6R|1643992180Z1~AMT|B6|47.68~CLP|6146-4372|4|130|0||MC|597203805~NM1|QC|1|TADESSE|TSAHAI||||MI|16999891~NM1|82|1|KETHA|SUMANA||||XX|1962447805~REF|G2|520919~DTM|232|20151116~AMT|AU|47.68~SVC|HC^99214^25|130|0||1~DTM|472|20151116~CAS|OA|23|130~REF|6R|1644022063Z1~AMT|B6|47.68~SVC|HC^G8427|0|0||0||1~DTM|472|20151116~REF|6R|1644022063Z2~CLP|6037-5011|4|134|0||MC|597203809~NM1|QC|1|RUSK|RONALD|F|||MI|16349155~NM1|82|1|KETHA|SUMANA||||XX|1962447805~REF|G2|520919~DTM|232|20151214~AMT|AU|50.09~SVC|HC^99214^25|130|0||1~DTM|472|20151214~CAS|OA|23|130~REF|6R|1644000685Z1~AMT|B6|47.68~SVC|HC^94760|4|0||0||1~DTM|472|20151214~CAS|OA|23|4|1~REF|6R|1644000685Z2~AMT|B6|2.41~LQ|HE|M15~CLP|6146-5005|4|134|0||MC|597203806~NM1|QC|1|TADESSE|TSAHAI||||MI|16999891~NM1|82|1|KETHA|SUMANA||||XX|1962447805~REF|G2|520919~DTM|232|20151214~AMT|AU|50.09~SVC|HC^99214^25|130|0||1~DTM|472|20151214~CAS|OA|23|130~REF|6R|1644000684Z1~AMT|B6|47.68~SVC|HC^94760|4|0||0||1~DTM|472|20151214~CAS|OA|23|4|1~REF|6R|1644000684Z2~AMT|B6|2.41~LQ|HE|M15~SE|73|0001~ST|835|0002~BPR|I|666.16|C|ACH|CCP|01|111000614|DA|708031463|1208058761||01|111000025|DA|488038453432|20151230~TRN|1|1000958803|1208058761~REF|EV|472325~N1|PR|WELLCARE OF TEXAS, INC.|XV|208058761~N3|P.O. BOX 31370~N4|TAMPA|FL|33631~REF|2U|TMR~N1|PE|DFW GERIATRICS PLLC|FI|464596718~N3|2925 SKYWAY CIRCLE NORTH~N4|IRVING|TX|75038~LX|1~TS3|464596718|11|20151231|6|796~CLP|6146-4372|1|130|112.66||MB|597203780~NM1|QC|1|TADESSE|TSAHAI||||MI|16999891~NM1|82|1|KETHA|SUMANA||||XX|1962447805~REF|G2|520919~DTM|232|20151116~AMT|AU|114.96~SVC|HC^99214^25|130|112.66||1~DTM|472|20151116~CAS|CO|45|15.04~CAS|PI|253|2.3~REF|6R|1644022063Z1~AMT|B6|114.96~SVC|HC^G8427|0|0||0||1~DTM|472|20151116~REF|6R|1644022063Z2~CLP|6146-5005|1|134|112.66||MB|597203782~NM1|QC|1|TADESSE|TSAHAI||||MI|16999891~NM1|82|1|KETHA|SUMANA||||XX|1962447805~REF|G2|520919~DTM|232|20151214~AMT|AU|118.3~SVC|HC^99214^25|130|112.66||1~DTM|472|20151214~CAS|CO|45|15.04~CAS|PI|253|2.3~REF|6R|1644000684Z1~AMT|B6|114.96~SVC|HC^94760|4|0||0||1~DTM|472|20151214~CAS|CO|234|4|1~REF|6R|1644000684Z2~AMT|B6|3.34~LQ|HE|M15~CLP|6037-4322|1|130|112.66||MB|597203791~NM1|QC|1|RUSK|RONALD|F|||MI|16349155~NM1|82|1|KETHA|SUMANA||||XX|1962447805~REF|G2|520919~DTM|232|20151113~AMT|AU|114.96~SVC|HC^99214|130|112.66||1~DTM|472|20151113~CAS|CO|45|15.04~CAS|PI|253|2.3~REF|6R|1643992180Z1~AMT|B6|114.96~CLP|6092-5014|1|134|102.86|10|MB|597203779~NM1|QC|1|JONES|SHIRLEY|J|||MI|16586372~NM1|82|1|KETHA|SUMANA||||XX|1962447805~REF|G2|520919~DTM|232|20151214~AMT|AU|118.3~SVC|HC^99214^25|130|102.86||1~DTM|472|20151214~CAS|CO|45|15.04~CAS|PI|253|2.1~CAS|PR|3|10~REF|6R|1644000686Z1~AMT|B6|114.96~SVC|HC^94760|4|0||0||1~DTM|472|20151214~CAS|CO|234|4|1~REF|6R|1644000686Z2~AMT|B6|3.34~LQ|HE|M15~CLP|6092-4518|1|134|112.66||MB|597203790~NM1|QC|1|JONES|SHIRLEY|J|||MI|16586372~NM1|82|1|KETHA|SUMANA||||XX|1962447805~REF|G2|520919~DTM|232|20151124~AMT|AU|118.3~SVC|HC^99214^25|130|112.66||1~DTM|472|20151124~CAS|CO|45|15.04~CAS|PI|253|2.3~REF|6R|1643992182Z1~AMT|B6|114.96~SVC|HC^94760|4|0||0||1~DTM|472|20151124~CAS|CO|234|4|1~REF|6R|1643992182Z2~AMT|B6|3.34~LQ|HE|M15~CLP|6037-5011|1|134|112.66||MB|597203781~NM1|QC|1|RUSK|RONALD|F|||MI|16349155~NM1|82|1|KETHA|SUMANA||||XX|1962447805~REF|G2|520919~DTM|232|20151214~AMT|AU|118.3~SVC|HC^99214^25|130|112.66||1~DTM|472|20151214~CAS|CO|45|15.04~CAS|PI|253|2.3~REF|6R|1644000685Z1~AMT|B6|114.96~SVC|HC^94760|4|0||0||1~DTM|472|20151214~CAS|CO|234|4|1~REF|6R|1644000685Z2~AMT|B6|3.34~LQ|HE|M15~SE|114|0002~GE|2|1691~IEA|1|000001696~