ISA|00|          |00|          |ZZ|ZIRMED         |ZZ|AV09311993     |150321|1242|U|00401|000000718|0|P|^~GS|HP|ZIRMED|AV01101957|20150321|1242|713|X|004010X091A1~ST|835|0001~BPR|I|16.33|C|CHK||||||||||||20150320~TRN|1|C15079118116780|1361236610|CP201503201181167800~REF|EV|TX8355010~DTM|405|20150320~N1|PR|BLUECROSS BLUESHIELD OF TEXAS~N3|P O BOX 660044~N4|DALLAS|TX|752660044~REF|2U|G84980~N1|PE|DFW GERIATRICS PLLC|XX|1063835361~N3|2925 SKYWAY CIR N~N4|IRVING|TX|750383510~REF|TJ|464596718~LX|1~CLP|139-2434|2|109|16.33||15|020150765735S390X00|33|1~NM1|QC|1|BUTNER|JOANN||||MI|R02401367~NM1|IL|1|BUTNER|JOANN||||MI|R02401367~NM1|82|1|MARCO|DALE|A|||XX|1952303547~REF|1L|0000FEPTX0102~REF|CE|MEDICARE CROSSOVER CLAIM~DTM|232|20150204~DTM|233|20150204~DTM|050|20150317~AMT|AU|81.63~SVC|HC^99335|109|16.33||1~DTM|472|20150204~CAS|CO|23|27.37~CAS|OA|23|65.3~REF|6R|1384825352Z1~AMT|B6|81.63~SE|31|0001~ST|835|0002~BPR|I|33.16|C|CHK||||||||||||20150320~TRN|1|C15079335086910|1361236610|CP201503203350869100~REF|EV|TX8355010~DTM|405|20150320~N1|PR|BLUECROSS BLUESHIELD OF TEXAS~N3|P O BOX 660044~N4|DALLAS|TX|752660044~REF|2U|G84980~N1|PE|DFW GERIATRICS PLLC|XX|1063835361~N3|2925 SKYWAY CIR N~N4|IRVING|TX|750383510~REF|TJ|464596718~LX|1~CLP|387-2473|2|104|17.5||12|020150765728P360X00|31|1~NM1|QC|1|CAMPBELL|FAYE|L|||MI|ELE832524006~NM1|82|1|KETHA|SUMANA||||XX|1962447805~REF|1L|0001391150001~REF|CE|MEDICARE CROSSOVER CLAIM~DTM|232|20150205~DTM|233|20150205~DTM|050|20150317~AMT|AU|87.49~SVC|HC^99309|104|17.5||1~DTM|472|20150205~CAS|OA|23|86.5~REF|6R|1384828741Z1~AMT|B6|87.49~LX|2~CLP|387-2465|2|104|15.66||12|020150765728P380X00|31|1~NM1|QC|1|CAMPBELL|FAYE|L|||MI|ELE832524006~NM1|82|1|MARCO|DALE|A|||XX|1952303547~REF|1L|0001391150001~REF|CE|MEDICARE CROSSOVER CLAIM~DTM|232|20150209~DTM|233|20150209~DTM|050|20150317~AMT|AU|78.28~SVC|HC^99309|104|15.66||1~DTM|472|20150209~CAS|OA|23|72.69~CAS|PR|104|15.65~REF|6R|1384834435Z1~AMT|B6|78.28~SE|45|0002~GE|2|713~IEA|1|000000718~