ISA|00|          |00|          |ZZ|ZIRMED         |ZZ|GATE0084       |150716|1546|U|00401|000001160|1|P|^~GS|HP|ZIRMED|GATE0084|20150716|1546|1155|X|004010X091A1~ST|835|0001~BPR|I|120.09|C|CHK||||||||||||20150710~TRN|1|QC10264264|1411289245|000087726~DTM|405|20150710~N1|PR|UNITED HEALTHCARE INSURANCE COMPANY|XV|87726~N3|GREENSBORO SERVICE CENTER|PO BOX 30555~N4|SALT LAKE CITY|UT|841300555~REF|2U|87726~PER|CX|GREENSBORO SERVICE CENTER|TE|8778423210~N1|PE|SUMANA KETHA|XX|1063835361~N3|2925 SKYWAY CIR N~N4|IRVING|TX|750380000~REF|TJ|464596718~LX|1~TS3|1063835361|11|20151231|1|145~CLP|6049-2982|1|145|120.09||13|3222364594 0015243692|11|1~NM1|QC|1|MADRASWALA|ARWA~NM1|IL|1|MADRASWALA|ARWA||||MI|929959406~NM1|82|1|KETHA|SUMANA||||XX|1962447805~REF|1L|902732~REF|CE|COMP BA~DTM|050|20150624~DTM|232|20150608~AMT|AU|145~SVC|HC^99395|145|120.09||1~DTM|472|20150608~CAS|CO|45|24.91~REF|6R|1477819830Z1~AMT|B6|120.09~SE|30|0001~GE|1|1155~IEA|1|000001160~