ISA|00|          |00|          |ZZ|ZIRMED         |ZZ|GATE0084       |150901|0146|U|00401|000001278|1|P|^~GS|HP|ZIRMED|GATE0084|20150901|0146|1273|X|004010X091A1~ST|835|0001~BPR|I|156.18|C|CHK||||||||||||20150828~TRN|1|PG47205695|1411289245|000087726~DTM|405|20150828~N1|PR|UNITED HEALTHCARE INSURANCE COMPANY|XV|87726~N3|GREENSBORO SERVICE CENTER|P O BOX 30555~N4|SALT LAKE CITY|UT|841300555~REF|2U|87726~PER|CX|GREENSBORO SERVICE CENTER|TE|8778423210~N1|PE|SUMANA KETHA|XX|1063835361~N3|2925 SKYWAY CIR N~N4|IRVING|TX|750380000~REF|TJ|464596718~LX|1~TS3|1063835361|11|20151231|1|186~CLP|6090-3538|1|186|156.18||13|5175661844 0022990979|11|1~NM1|QC|1|LATORRT|APRIL N COULTER~NM1|IL|1|LATORRT|APRIL N COULTER||||MI|968227817~NM1|74|1|COULTER-LATORRE|APRIL NATASHA~NM1|82|1|KETHA|SUMANA||||XX|1962447805~REF|1L|136003~REF|CE|CHOYC+~DTM|050|20150821~DTM|232|20150728~AMT|AU|186~SVC|HC^99386|186|156.18||1~DTM|472|20150728~CAS|CO|45|29.82~REF|6R|1533633401Z1~AMT|B6|156.18~SE|31|0001~ST|835|0002~BPR|I|313.41|C|CHK||||||||||||20150828~TRN|1|PH91198617|1411289245|000087726~DTM|405|20150828~N1|PR|UNITED HEALTHCARE INSURANCE COMPANY|XV|87726~N3|P O BOX 740800~N4|ATLANTA|GA|303740800~REF|2U|87726~PER|CX|BUFFALO SERVICE CENTER|TE|8778423210~N1|PE|SUMANA KETHA|XX|1063835361~N3|2925 SKYWAY CIR N~N4|IRVING|TX|750380000~REF|TJ|464596718~LX|1~TS3|1063835361|11|20151231|3|405~CLP|6062-3586|1|145|120.09||14|5175661840 0079150293|11|1~NM1|QC|1|KALIGOTLA|MANASWINI~NM1|IL|1|KALIGOTLA|MANASWINI||||MI|917493433~NM1|74|1|GANTI|SRIKAR~NM1|82|1|KETHA|SUMANA||||XX|1962447805~REF|CE|CHOYC~REF|1L|709012~DTM|050|20150821~DTM|232|20150709~AMT|AU|145~SVC|HC^99395|145|120.09||1~DTM|472|20150709~CAS|CO|45|24.91~REF|6R|1533639466Z1~AMT|B6|120.09~CLP|432-3595|1|130|96.66|20|13|5175661839 0008744458|11|1~NM1|QC|1|SAMUTHIRAM|SIVAKUMAR~NM1|IL|1|SAMUTHIRAM|SIVAKUMAR||||MI|811572439~NM1|82|1|KETHA|SUMANA||||XX|1962447805~REF|CE|CHOYC+~REF|1L|717730~DTM|050|20150821~DTM|232|20150710~AMT|AU|130~SVC|HC^99214|130|96.66||1~DTM|472|20150710~CAS|CO|45|13.34~CAS|PR|3|20~REF|6R|1533639469Z1~AMT|B6|116.66~CLP|6094-3598|1|130|96.66|20|13|5180174495 0015082640|11|1~NM1|QC|1|JHA|OJASWINI~NM1|IL|1|JHA|OJASWINI||||MI|962665052~NM1|82|1|KETHA|SUMANA||||XX|1962447805~REF|1L|752713~REF|CE|CHOYC+~DTM|050|20150826~DTM|232|20150818~AMT|AU|130~SVC|HC^99214|130|96.66||1~DTM|472|20150818~CAS|CO|45|13.34~CAS|PR|3|20~REF|6R|1537301328Z1~AMT|B6|116.66~SE|61|0002~ST|835|0003~BPR|I|74.52|C|CHK||||||||||||20150828~TRN|1|QC59906600|1411289245|000087726~DTM|405|20150828~N1|PR|UNITED HEALTHCARE INSURANCE COMPANY|XV|87726~N3|CHICO SERVICE CENTER|P.O. BOX 740800~N4|ATLANTA|GA|303740800~REF|2U|87726~PER|CX|CHICO SERVICE CENTER|TE|8778423210~N1|PE|SUMANA KETHA|XX|1063835361~N3|2925 SKYWAY CIR N~N4|IRVING|TX|750380000~REF|TJ|464596718~LX|1~TS3|1063835361|11|20151231|3|174~CLP|6043-3578|1|58|24.84|6.21|13|5180174492 0017600424|11|1~NM1|QC|1|SINGH|AMIT KUMAR~NM1|IL|1|SINGH|AMIT KUMAR||||MI|931891256~NM1|82|1|KETHA|SUMANA||||XX|1962447805~REF|CE|CHOYC+~REF|1L|902866~DTM|050|20150826~DTM|232|20150702~AMT|AU|34~SVC|HC^99211^25|24|0||1~DTM|472|20150702~CAS|CO|234|24~REF|6R|1537305610Z1~LQ|HE|M80~SVC|HC^J3420|5|1.64||1~DTM|472|20150702~CAS|CO|45|2.95~CAS|PR|2|.41~REF|6R|1537305610Z2~AMT|B6|2.05~SVC|HC^96372|29|23.2||1~DTM|472|20150702~CAS|PR|2|5.8~REF|6R|1537305610Z3~AMT|B6|29~CLP|6043-3581|1|58|24.84|6.21|13|5180174493 0017600429|11|1~NM1|QC|1|SINGH|AMIT KUMAR~NM1|IL|1|SINGH|AMIT KUMAR||||MI|931891256~NM1|82|1|KETHA|SUMANA||||XX|1962447805~REF|1L|902866~REF|CE|CHOYC+~DTM|050|20150826~DTM|232|20150703~AMT|AU|34~SVC|HC^99211^25|24|0||1~DTM|472|20150703~CAS|CO|234|24~REF|6R|1537305611Z1~LQ|HE|M80~SVC|HC^96372|29|23.2||1~DTM|472|20150703~CAS|PR|2|5.8~REF|6R|1537305611Z2~AMT|B6|29~SVC|HC^J3420|5|1.64||1~DTM|472|20150703~CAS|CO|45|2.95~CAS|PR|2|.41~REF|6R|1537305611Z3~AMT|B6|2.05~CLP|6043-3669|1|58|24.84|6.21|13|5180174494 0017600434|11|1~NM1|QC|1|SINGH|AMIT KUMAR~NM1|IL|1|SINGH|AMIT KUMAR||||MI|931891256~NM1|82|1|KETHA|SUMANA||||XX|1962447805~REF|CE|CHOYC+~REF|1L|902866~DTM|050|20150826~DTM|232|20150721~AMT|AU|34~SVC|HC^99211^25|24|0||1~DTM|472|20150721~CAS|CO|234|24~REF|6R|1537310552Z1~LQ|HE|M80~SVC|HC^J3420|5|1.64||1~DTM|472|20150721~CAS|CO|45|2.95~CAS|PR|2|.41~REF|6R|1537310552Z2~AMT|B6|2.05~SVC|HC^96372|29|23.2||1~DTM|472|20150721~CAS|PR|2|5.8~REF|6R|1537310552Z3~AMT|B6|29~SE|91|0003~ST|835|0004~BPR|H|0|C|NON||||||||||||20150828~TRN|1|QK05770818|1411289245|000087726~DTM|405|20150828~N1|PR|UNITED HEALTHCARE INSURANCE COMPANY|XV|87726~N3|GREENSBORO SERVICE CENTER|PO BOX 30555~N4|SALT LAKE CITY|UT|841300555~REF|2U|87726~PER|CX|GREENSBORO SERVICE CENTER|TE|8778423210~N1|PE|SUMANA KETHA|XX|1063835361~N3|2925 SKYWAY CIR N~N4|IRVING|TX|750380000~REF|TJ|464596718~LX|1~TS3|1063835361|11|20151231|2|159~CLP|6056-3477|1|155|0||13|5175661842 0017447388|11|1~NM1|QC|1|SANGER|SWARN~NM1|IL|1|SANGER|SWARN||||MI|925583603~NM1|82|1|KETHA|SUMANA||||XX|1962447805~REF|1L|902732~REF|CE|COMP BA~DTM|050|20150821~DTM|232|20150707~SVC|HC^99396|155|0||1~DTM|472|20150707~CAS|OA|18|155~REF|6R|1533639462Z1~LQ|HE|N702~CLP|6072-3557|1|4|0||13|5175835028 0017470490|11|1~NM1|QC|1|DHUNGANA|KUNDAN~NM1|IL|1|DHUNGANA|KUNDAN||||MI|909706781~NM1|82|1|KETHA|SUMANA||||XX|1962447805~MOA|||MA15~REF|CE|COMP BA~REF|1L|902732~DTM|050|20150821~DTM|232|20150806~SVC|HC^94760|4|0||1~DTM|472|20150806~CAS|CO|234|4~REF|6R|1533470388Z2~LQ|HE|M80~SE|43|0004~GE|4|1273~IEA|1|000001278~