ISA|00|          |00|          |ZZ|ZIRMED         |30|611340767      |150120|0818|U|00401|000000482|0|P|^~GS|HP|ZIRMED|611340767|20150120|0818|477|X|004010X091A1~ST|835|0001~BPR|I|199.85|C|ACH|CCP|01|011900445|DA|0000009046|1066033492||01|111000025|DA|488038453432|20150123~TRN|1|815019570002312|1066033492~REF|EV|611340767~DTM|405|20150120~N1|PR|AETNA~N3|151 FARMINGTON AVENUE~N4|HARTFORD|CT|06156~N1|PE|KETHA, SUMANA|XX|1063835361~N3|2925 SKYWAY CIR N~N4|IRVING|TX|750383510~REF|PQ|762610840~REF|TJ|464596718~LX|1~TS3|1063835361|11|20151231|15|1466~CLP|214-1335|2|104|13.93|3.48|15|EJABKTBTW0000|31|1~NM1|QC|1|MILLER JR|WILLIAM|C|||MI|458344463A~NM1|74|1|MILLER||||JR|C|W081488962~NM1|82|1|KETHA|SUMANA||||XX|1063835361~REF|1L|0701224-015-00714-NB~REF|CE|TRADITIONAL CHOICE~DTM|232|20141007~DTM|233|20141007~DTM|050|20150109~PER|CX||TE|8886323862~AMT|AU|104~SVC|HC^99309|104|13.93||1~DTM|472|20141007~CAS|OA|23|86.59~CAS|PR|2|3.48~REF|6R|1329958617Z1~AMT|B6|85.66~LQ|HE|N192~CLP|214-1429|2|79|10.57|2.64|15|EJFBKTMCG0000|31|1~NM1|QC|1|MILLER JR|WILLIAM|C|||MI|458344463A~NM1|74|1|MILLER||||JR|C|W081488962~NM1|82|1|KETHA|SUMANA||||XX|1063835361~REF|1L|0701224-015-00714-NB~REF|CE|TRADITIONAL CHOICE~DTM|232|20141016~DTM|233|20141016~DTM|050|20150109~PER|CX||TE|8886323862~AMT|AU|79~SVC|HC^99308|79|10.57||1~DTM|472|20141016~CAS|OA|23|65.79~CAS|PR|2|2.64~REF|6R|1329970774Z1~AMT|B6|65.01~LQ|HE|N192~CLP|113-1297|2|104|13.93|3.48|15|EJPBKSL840000|31|1~NM1|QC|1|MOORE|ERNEST|A|||MI|563407942A~NM1|74|1||LYNN||||C|W071287231~NM1|82|1|KETHA|SUMANA||||XX|1063835361~REF|1L|0895980-030-00100-CI~REF|CE|TRADITIONAL CHOICE~DTM|232|20141013~DTM|233|20141013~DTM|050|20150108~PER|CX||TE|8886323862~AMT|AU|104~SVC|HC^99309|104|13.93||1~DTM|472|20141013~CAS|OA|23|86.59~CAS|PR|2|3.48~REF|6R|1327952268Z1~AMT|B6|85.66~LQ|HE|N192~CLP|113-1172|2|104|13.93|3.48|15|EJPBKSMD00000|31|1~NM1|QC|1|MOORE|ERNEST|A|||MI|563407942A~NM1|74|1||LYNN||||C|W071287231~NM1|82|1|KETHA|SUMANA||||XX|1063835361~REF|1L|0895980-030-00100-CI~REF|CE|TRADITIONAL CHOICE~DTM|232|20140925~DTM|233|20140925~DTM|050|20150108~PER|CX||TE|8886323862~AMT|AU|104~SVC|HC^99309|104|13.93||1~DTM|472|20140925~CAS|OA|23|86.59~CAS|PR|2|3.48~REF|6R|1327979567Z1~AMT|B6|85.66~LQ|HE|N192~CLP|214-1447|2|104|13.93|3.48|15|EJPBKS3TK0000|31|1~NM1|QC|1|MILLER JR|WILLIAM|C|||MI|458344463A~NM1|74|1|MILLER||||JR|C|W081488962~NM1|82|1|KETHA|SUMANA||||XX|1063835361~REF|1L|0701224-015-00714-NB~REF|CE|TRADITIONAL CHOICE~DTM|232|20141009~DTM|233|20141009~DTM|050|20150109~PER|CX||TE|8886323862~AMT|AU|104~SVC|HC^99309|104|13.93||1~DTM|472|20141009~CAS|OA|23|86.59~CAS|PR|2|3.48~REF|6R|1329970789Z1~AMT|B6|85.66~LQ|HE|N192~CLP|120-954|2|104|13.93|3.48|15|EKABKRPKG0000|32|1~NM1|QC|1|CROWDER|EVA|B|||MI|460445627A~NM1|74|1||||||C|W051736079~NM1|82|1|KETHA|SUMANA||||XX|1063835361~REF|1L|0895980-030-00100-CI~REF|CE|TRADITIONAL CHOICE~DTM|232|20140825~DTM|233|20140825~DTM|050|20150107~PER|CX||TE|8886323862~AMT|AU|104~SVC|HC^99309|104|13.93||1~DTM|472|20140825~CAS|OA|23|86.59~CAS|PR|2|3.48~REF|6R|1326086210Z1~AMT|B6|85.66~LQ|HE|N192~CLP|113-1334|2|79|10.57|2.64|15|EKABKSVY30000|31|1~NM1|QC|1|MOORE|ERNEST|A|||MI|563407942A~NM1|74|1||LYNN||||C|W071287231~NM1|82|1|KETHA|SUMANA||||XX|1063835361~REF|1L|0895980-030-00100-CI~REF|CE|TRADITIONAL CHOICE~DTM|232|20141007~DTM|233|20141007~DTM|050|20150109~PER|CX||TE|8886323862~AMT|AU|79~SVC|HC^99308|79|10.57||1~DTM|472|20141007~CAS|OA|23|65.79~CAS|PR|2|2.64~REF|6R|1329958616Z1~AMT|B6|65.01~LQ|HE|N192~CLP|113-1426|2|79|10.57|2.64|15|EKJLKS5080000|31|1~NM1|QC|1|MOORE|ERNEST|A|||MI|563407942A~NM1|74|1||LYNN||||C|W071287231~NM1|82|1|KETHA|SUMANA||||XX|1063835361~REF|1L|0895980-030-00100-CI~REF|CE|TRADITIONAL CHOICE~DTM|232|20141009~DTM|233|20141009~DTM|050|20150109~PER|CX||TE|8886323862~AMT|AU|79~SVC|HC^99308|79|10.57||1~DTM|472|20141009~CAS|OA|23|65.79~CAS|PR|2|2.64~REF|6R|1329970771Z1~AMT|B6|65.01~LQ|HE|N192~CLP|52-1017|2|109|18.21||15|EKTWKRX4Z0000|33|1~NM1|QC|1|MORSE|TRACY|A|||MI|462420991A~NM1|74|1||||||C|W116639990~NM1|82|1|KETHA|SUMANA||||XX|1063835361~REF|1L|0865338-014-00109-RE~REF|CE|TRADITIONAL CHOICE~DTM|232|20141030~DTM|233|20141030~DTM|050|20150107~PER|CX||TE|8886323862~AMT|AU|109~SVC|HC^99335|109|18.21||1~DTM|472|20141030~CAS|OA|23|90.79~REF|6R|1325868005Z1~AMT|B6|89.59~CLP|113-1431|2|79|10.57|2.64|15|EKTWKS3PG0000|31|1~NM1|QC|1|MOORE|ERNEST|A|||MI|563407942A~NM1|74|1||LYNN||||C|W071287231~NM1|82|1|KETHA|SUMANA||||XX|1063835361~REF|1L|0895980-030-00100-CI~REF|CE|TRADITIONAL CHOICE~DTM|232|20141016~DTM|233|20141016~DTM|050|20150109~PER|CX||TE|8886323862~AMT|AU|79~SVC|HC^99308|79|10.57||1~DTM|472|20141016~CAS|OA|23|65.79~CAS|PR|2|2.64~REF|6R|1329970776Z1~AMT|B6|65.01~LQ|HE|N192~CLP|214-1162|2|79|10.57|2.64|15|EK35KQHL90000|32|1~NM1|QC|1|MILLER JR|WILLIAM|C|||MI|458344463A~NM1|74|1|MILLER||||JR|C|W081488962~NM1|82|1|KETHA|SUMANA||||XX|1063835361~REF|1L|0701224-015-00714-NB~REF|CE|TRADITIONAL CHOICE~DTM|232|20141023~DTM|233|20141023~DTM|050|20150107~PER|CX||TE|8886323862~AMT|AU|79~SVC|HC^99308|79|10.57||1~DTM|472|20141023~CAS|OA|23|65.79~CAS|PR|2|2.64~REF|6R|1326364614Z1~AMT|B6|65.01~LQ|HE|N192~CLP|113-1063|2|79|10.57|2.64|15|ELY0KRT8K0000|31|1~NM1|QC|1|MOORE|ERNEST|A|||MI|563407942A~NM1|74|1||LYNN||||C|W071287231~NM1|82|1|KETHA|SUMANA||||XX|1063835361~REF|1L|0895980-030-00100-CI~REF|CE|TRADITIONAL CHOICE~DTM|232|20141030~DTM|233|20141030~DTM|050|20150107~PER|CX||TE|8886323862~AMT|AU|79~SVC|HC^99308|79|10.57||1~DTM|472|20141030~CAS|OA|23|65.79~CAS|PR|2|2.64~REF|6R|1326084076Z1~AMT|B6|65.01~LQ|HE|N192~CLP|113-966|2|155|20.71|5.18|15|EWPBJ13JR0000|31|1~NM1|QC|1|MOORE|ERNEST|A|||MI|563407942A~NM1|74|1||LYNN||||C|W071287231~NM1|82|1|KETHA|SUMANA||||XX|1063835361~REF|1L|0895980-030-00100-CI~REF|CE|TRADITIONAL CHOICE~DTM|232|20141113~DTM|233|20141113~DTM|050|20150106~PER|CX||TE|8886323862~AMT|AU|155~SVC|HC^99310|155|20.71||1~DTM|472|20141113~CAS|OA|23|129.11~CAS|PR|2|5.18~REF|6R|1323888700Z1~AMT|B6|127.4~LQ|HE|N192~CLP|214-1238|2|104|13.93|3.48|15|E5ABJ12T20000|31|1~NM1|QC|1|MILLER JR|WILLIAM|C|||MI|458344463A~NM1|74|1|MILLER||||JR|C|W081488962~NM1|82|1|KETHA|SUMANA||||XX|1063835361~REF|1L|0701224-015-00714-NB~REF|CE|TRADITIONAL CHOICE~DTM|232|20141027~DTM|233|20141027~DTM|050|20150108~PER|CX||TE|8886323862~AMT|AU|104~SVC|HC^99309|104|13.93||1~DTM|472|20141027~CAS|OA|23|86.59~CAS|PR|2|3.48~REF|6R|1327941106Z1~AMT|B6|85.66~LQ|HE|N192~CLP|214-1173|2|104|13.93|3.48|15|E5TWJ11YJ0000|31|1~NM1|QC|1|MILLER JR|WILLIAM|C|||MI|458344463A~NM1|74|1|MILLER||||JR|C|W081488962~NM1|82|1|KETHA|SUMANA||||XX|1063835361~REF|1L|0701224-015-00714-NB~REF|CE|TRADITIONAL CHOICE~DTM|232|20140925~DTM|233|20140925~DTM|050|20150108~PER|CX||TE|8886323862~AMT|AU|104~SVC|HC^99309|104|13.93||1~DTM|472|20140925~CAS|OA|23|86.59~CAS|PR|2|3.48~REF|6R|1327979569Z1~AMT|B6|85.66~LQ|HE|N192~SE|284|0001~ST|835|0002~BPR|I|17.41|C|ACH|CCP|01|031100209|DA|0000009108|1066033492||01|111000025|DA|488038453432|20150123~TRN|1|815019540002156|1066033492~REF|EV|611340767~DTM|405|20150120~N1|PR|AETNA~N3|151 FARMINGTON AVENUE~N4|HARTFORD|CT|06156~N1|PE|KETHA, SUMANA|XX|1063835361~N3|2925 SKYWAY CIR N~N4|IRVING|TX|750383510~REF|PQ|762610840~REF|TJ|464596718~LX|1~TS3|1063835361|32|20151231|1|104~CLP|54-1356|2|104|17.41||15|EHY0KS0DK0000|32|1~CAS|OA|23|68.25~CAS|PR|2|-17.13~NM1|QC|1|TYLER|MARY|L|||MI|454260356A~NM1|74|1||||||C|W161972955~NM1|82|1|KETHA|SUMANA||||XX|1063835361~REF|1L|0820363-053-00001-BR~REF|CE|TRADITIONAL CHOICE~DTM|232|20140929~DTM|233|20140929~DTM|050|20150109~PER|CX||TE|8886323862~AMT|AU|104~SVC|HC^99309|104|68.53||1~DTM|472|20140929~CAS|OA|23|18.34~CAS|PR|2|17.13~REF|6R|1329926070Z1~AMT|B6|85.66~SE|35|0002~GE|2|477~IEA|1|000000482~