ISA|00|          |00|          |ZZ|ZIRMED         |29|E12705         |151007|0738|U|00401|000001427|0|P|^~GS|HP|ZIRMED|E12705|20151007|0738|1422|X|004010X091A1~ST|835|0001~BPR|I|927.33|C|ACH|CCP|01|081517693|DA|152302017594|1205296137||01|111000025|DA|488038453432|20151007~TRN|1|891199840|1205296137~REF|EV|E12705~DTM|405|20151006~N1|PR|NOVITAS SOLUTIONS, INC.~N3|PO BOX 3110~N4|MECHANICSBURG|PA|170551826~REF|2U|04412~PER|CX||TE|8552528782~N1|PE|DFW GERIATRICS PLLC|XX|1063835361~N3|2925 SKYWAY CIRCLE NORTH~N4|IRVING|TX|750383510~REF|TJ|464596718~LX|1~CLP|350-3889|19|124|81.55|20.8|MB|2915266002720|11|1~NM1|QC|1|HIGGS|CYNTHIA|G|||HN|460217469A~NM1|82|1||||||XX|1962447805~NM1|TT|2|TX HEALTH & HUMAN SERVICES COMMI|||||PI|70051~MOA|||MA01|MA07~DTM|050|20150923~SVC|HC^G0181|124|81.55||1~DTM|472|20150731~CAS|CO|45|19.99||253|1.66~CAS|PR|2|20.8~REF|6R|1560773494Z1~REF|LU|11~AMT|B6|104.01~CLP|350-3890|19|124|81.55|20.8|MB|2915266002730|11|1~NM1|QC|1|HIGGS|CYNTHIA|G|||HN|460217469A~NM1|82|1||||||XX|1962447805~NM1|TT|2|TX HEALTH & HUMAN SERVICES COMMI|||||PI|70051~MOA|||MA01|MA07~DTM|050|20150923~SVC|HC^G0181|124|81.55||1~DTM|472|20150831~CAS|CO|45|19.99||253|1.66~CAS|PR|2|20.8~REF|6R|1560773495Z1~REF|LU|11~AMT|B6|104.01~CLP|383-3883|1|207|139.51|25.68|MB|2815266342520|11|1~NM1|QC|1|HUDGINS|NANCY||||HN|509380876A~NM1|82|1||||||XX|1962447805~MOA|||MA01~DTM|050|20150923~SVC|HC^99214^25|130|81.56||1~DTM|472|20150922~CAS|CO|45|25.98||253|1.66~CAS|PR|2|20.8~REF|6R|1560591004Z1~REF|LU|11~AMT|B6|104.02~SVC|HC^90656|17|13.6||1~DTM|472|20150922~CAS|CO|45|3.12||253|.28~REF|6R|1560591004Z2~REF|LU|11~AMT|B6|13.88~SVC|HC^G0008|31|25.2||1~DTM|472|20150922~CAS|CO|45|5.29||253|.51~REF|6R|1560591004Z3~REF|LU|11~AMT|B6|25.71~SVC|HC^96372|29|19.15||1~DTM|472|20150922~CAS|CO|45|4.58||253|.39~CAS|PR|2|4.88~REF|6R|1560591004Z4~REF|LU|11~AMT|B6|24.42~CLP|307-3504|19|124|72.96|18.61|MB|2915266002740|11|1~NM1|QC|1|NEAL|CHESTER||||HN|441625131A~NM1|82|1||||||XX|1679978068~NM1|TT|2|TX HEALTH & HUMAN SERVICES COMMI|||||PI|70051~MOA|||MA01|MA07~DTM|050|20150923~SVC|HC^G0181|124|72.96||1~DTM|472|20150731~CAS|CO|45|30.94||253|1.49~CAS|PR|2|18.61~REF|6R|1560774789Z1~REF|LU|11~AMT|B6|93.06~CLP|307-3794|19|47|31.24|7.97|MB|2915266002750|11|1~NM1|QC|1|NEAL|CHESTER||||HN|441625131A~NM1|82|1||||||XX|1962447805~NM1|TT|2|TX HEALTH & HUMAN SERVICES COMMI|||||PI|70051~MOA|||MA01|MA07~DTM|050|20150923~SVC|HC^G0179|47|31.24||1~DTM|472|20150826~CAS|CO|45|7.15||253|.64~CAS|PR|2|7.97~REF|6R|1560774790Z1~REF|LU|11~AMT|B6|39.85~CLP|307-3795|19|124|81.55|20.8|MB|2915266002760|11|1~NM1|QC|1|NEAL|CHESTER||||HN|441625131A~NM1|82|1||||||XX|1962447805~NM1|TT|2|TX HEALTH & HUMAN SERVICES COMMI|||||PI|70051~MOA|||MA01|MA07~DTM|050|20150923~SVC|HC^G0181|124|81.55||1~DTM|472|20150831~CAS|CO|45|19.99||253|1.66~CAS|PR|2|20.8~REF|6R|1560774791Z1~REF|LU|11~AMT|B6|104.01~CLP|352-2723|1|130|72.61|18.52|MB|2915266002710|11|1~NM1|QC|1|RAYMOND|JAMES||||HN|565788029A~NM1|82|1||||||XX|1679978068~MOA|||MA01|MA15~DTM|050|20150923~SVC|HC^99214^25|130|72.61||1~DTM|472|20150401~CAS|CO|45|37.39||253|1.48~CAS|PR|2|18.52~REF|6R|1560717937Z1~REF|LU|11~AMT|B6|92.61~CLP|382-3886|1|496|294|75|MB|2815266342530|11|1~NM1|QC|1|TODD|LANA||||HN|449755855A~NM1|82|1||||||XX|1962447805~MOA|||MA01~DTM|050|20150923~SVC|HC^99214^25|130|81.56||1~DTM|472|20150922~CAS|CO|45|25.98||253|1.66~CAS|PR|2|20.8~REF|6R|1560591008Z1~REF|LU|11~AMT|B6|104.02~SVC|HC^94760|4|0||||1~DTM|472|20150922~CAS|CO|97|4~REF|6R|1560591008Z2~REF|LU|11~LQ|HE|M80~SVC|HC^95923|252|145.78||1~DTM|472|20150922~CAS|CO|45|66.05||253|2.98~CAS|PR|2|37.19~REF|6R|1560591008Z3~REF|LU|11~AMT|B6|185.95~SVC|HC^95921|110|66.66||1~DTM|472|20150922~CAS|CO|45|24.97||253|1.36~CAS|PR|2|17.01~REF|6R|1560591008Z4~REF|LU|11~AMT|B6|85.03~CLP|6036-3881|1|130|72.36|20.8|MB|2815266342510|11|1~NM1|QC|1|VANDERPOL|BALVINA|O|||HN|341120251D~NM1|82|1||||||XX|1962447805~MOA|||MA01~DTM|050|20150923~AMT|F5|30~SVC|HC^99214|130|72.36||1~DTM|472|20150922~CAS|CO|45|25.98||253|1.66~CAS|OA|100|9.2~CAS|PR|2|20.8~REF|6R|1560591001Z1~REF|LU|11~AMT|B6|104.02~SE|170|0001~GE|1|1422~IEA|1|000001427~