ISA|00|          |00|          |ZZ|ZIRMED         |29|E12705         |150121|0447|U|00401|000000483|0|P|^~GS|HP|ZIRMED|E12705|20150121|0447|478|X|004010X091A1~ST|835|0001~BPR|H|0|C|NON||||||||||||20150121~TRN|1|458554883|1205296137~REF|EV|E12705~DTM|405|20150120~N1|PR|NOVITAS SOLUTIONS, INC.~N3|PO BOX 3110~N4|MECHANICSBURG|PA|170551826~REF|2U|04412~PER|CX||TE|8552528782~N1|PE|DFW GERIATRICS PLLC|XX|1063835361~N3|2925 SKYWAY CIRCLE NORTH~N4|IRVING|TX|750383510~REF|TJ|464596718~LX|1~CLP|169-1802|1|222|0||MB|2815013175380|31|1~NM1|QC|1|BARKLEY|MARY||||HN|467427467A~NM1|82|1||||||XX|1952303547~MOA|||MA01~DTM|050|20150113~SVC|HC^99337|222|0||||1~DTM|472|20141218~CAS|CO|58|222~REF|LU|31~REF|6R|1344073441Z1~CLP|116-1512|19|222|0||MB|2815002588950|33|1~NM1|QC|1|HERVEY|EUGENE|J|||HN|449680119A~NM1|82|1||||||XX|1952303547~NM1|TT|2|GOV T EMPLOYEE S HEALTH ASSN|||||PI|80054~MOA|||MA01|MA18~DTM|050|20150102~SVC|HC^99337|222|0||||1~DTM|472|20141117~CAS|CO|B9|222~REF|LU|33~REF|6R|1335894909Z1~LQ|HE|N90~CLP|176-1797|1|222|0||MB|2815013175690|31|1~NM1|QC|1|PILGRIM|NELL|L|||HN|411098338D~NM1|82|1||||||XX|1952303547~MOA|||MA01~DTM|050|20150113~SVC|HC^99337|222|0||||1~DTM|472|20141215~CAS|CO|58|222~REF|LU|31~REF|6R|1344073886Z1~CLP|176-1640|1|51|0||MB|2815013814630|11|1~NM1|QC|1|PILGRIM|NELL|L|||HN|411098338D~NM1|82|1||||||XX|1962447805~MOA|||MA01~DTM|050|20150113~SVC|HC^99307|51|0||||1~DTM|472|20140807~CAS|CO|58|51~REF|LU|11~REF|6R|1344305118Z1~SE|58|0001~ST|835|0002~BPR|I|162.54|C|ACH|CCP|01|081517693|DA|152302017594|1205296137||01|111000025|DA|488038453432|20150121~TRN|1|889397483|1205296137~REF|EV|E12705~DTM|405|20150120~N1|PR|NOVITAS SOLUTIONS, INC.~N3|PO BOX 3110~N4|MECHANICSBURG|PA|170551826~REF|2U|04412~PER|CX||TE|8552528782~N1|PE|DFW GERIATRICS PLLC|XX|1063835361~N3|2925 SKYWAY CIRCLE NORTH~N4|IRVING|TX|750383510~REF|TJ|464596718~LX|1~CLP|50-1479|19|83|54.18|13.82|MB|2815002589130|21|1~NM1|QC|1|SANDERS|TONY|R|||HN|467086770A~NM1|82|1||||||XX|1962447805~NM1|TT|2|TX HEALTH & HUMAN SERVICES COMMI|||||PI|70051~MOA|||MA01|MA07~DTM|050|20150102~SVC|HC^99232|83|54.18||1~DTM|472|20141121~CAS|CO|45|13.89||253|1.11~CAS|PR|2|13.82~REF|LU|21~REF|6R|1335896186Z1~AMT|B6|69.11~CLP|50-1482|19|83|54.18|13.82|MB|2815002589160|21|1~NM1|QC|1|SANDERS|TONY|R|||HN|467086770A~NM1|82|1||||||XX|1962447805~NM1|TT|2|TX HEALTH & HUMAN SERVICES COMMI|||||PI|70051~MOA|||MA01|MA07~DTM|050|20150102~SVC|HC^99232|83|54.18||1~DTM|472|20141124~CAS|CO|45|13.89||253|1.11~CAS|PR|2|13.82~REF|LU|21~REF|6R|1335896189Z1~AMT|B6|69.11~CLP|50-1483|19|83|54.18|13.82|MB|2815002589170|21|1~NM1|QC|1|SANDERS|TONY|R|||HN|467086770A~NM1|82|1||||||XX|1962447805~NM1|TT|2|TX HEALTH & HUMAN SERVICES COMMI|||||PI|70051~MOA|||MA01|MA07~DTM|050|20150102~SVC|HC^99232|83|54.18||1~DTM|472|20141125~CAS|CO|45|13.89||253|1.11~CAS|PR|2|13.82~REF|LU|21~REF|6R|1335896190Z1~AMT|B6|69.11~SE|55|0002~GE|2|478~IEA|1|000000483~