ISA|00|          |00|          |ZZ|ZIRMED         |30|611340767      |150303|1805|U|00401|000000667|0|P|^~GS|HP|ZIRMED|611340767|20150303|1805|662|X|004010X091A1~ST|835|0001~BPR|I|59.14|C|ACH|CCP|01|011900445|DA|0000009046|1066033492||01|111000025|DA|488038453432|20150306~TRN|1|815061310004140|1066033492~REF|EV|611340767~DTM|405|20150303~N1|PR|AETNA~N3|151 FARMINGTON AVENUE~N4|HARTFORD|CT|06156~N1|PE|KETHA, SUMANA|XX|1063835361~N3|2925 SKYWAY CIR N~N4|IRVING|TX|750383510~REF|PQ|762610840~REF|TJ|464596718~LX|1~TS3|1063835361|31|20151231|4|442~CLP|272-1856|2|155|20.71|5.18|15|EBFBLFRTJ0000|31|1~NM1|QC|1|HUCKABEE|CHARLES|C|||MI|461347627A~NM1|74|1||||||C|W115629374~NM1|82|1|KETHA|SUMANA||||XX|1063835361~REF|1L|0469670-030-00103- U~REF|CE|MAJOR MEDICAL~DTM|232|20141106~DTM|233|20141106~DTM|050|20150218~PER|CX||TE|8886323862~AMT|AU|155~SVC|HC^99310|155|20.71||1~DTM|472|20141106~CAS|OA|23|129.11~CAS|PR|2|5.18~REF|6R|1360859841Z1~AMT|B6|127.4~LQ|HE|N192~CLP|210-192|2|104|13.93|3.48|13|ELY0LGX510000|31|1~NM1|QC|1|GILLENTINE|TERRY|W|||MI|453820909T~NM1|74|1||||||C|W173985021~NM1|82|1|KETHA|SUMANA||||XX|1063835361~REF|1L|0895979-030-00100-TI~REF|CE|AETNA CHOICE  POS II NET 00338~DTM|232|20140825~DTM|233|20140825~DTM|050|20150220~PER|CX||TE|8886323862~AMT|AU|104~SVC|HC^99309|104|13.93||1~DTM|472|20140825~CAS|OA|23|86.59~CAS|PR|2|3.48~REF|6R|1364604966Z1~AMT|B6|85.66~LQ|HE|N192~CLP|210-191|2|104|13.93|3.48|13|EM35LGY7P0000|31|1~NM1|QC|1|GILLENTINE|TERRY|W|||MI|453820909T~NM1|74|1||||||C|W173985021~NM1|82|1|KETHA|SUMANA||||XX|1063835361~REF|1L|0895979-030-00100-TI~REF|CE|AETNA CHOICE  POS II NET 00338~DTM|232|20140818~DTM|233|20140818~DTM|050|20150220~PER|CX||TE|8886323862~AMT|AU|104~SVC|HC^99309|104|13.93||1~DTM|472|20140818~CAS|OA|23|86.59~CAS|PR|2|3.48~REF|6R|1364610007Z1~AMT|B6|85.66~LQ|HE|N192~CLP|214-1860|2|79|10.57|2.64|15|E1JLKQ6ZX0000|31|1~NM1|QC|1|MILLER JR|WILLIAM|C|||MI|458344463A~NM1|74|1|MILLER||||JR|C|W081488962~NM1|82|1|KETHA|SUMANA||||XX|1063835361~REF|1L|0701224-015-00714-NB~REF|CE|TRADITIONAL CHOICE~DTM|232|20141106~DTM|233|20141106~DTM|050|20150218~PER|CX||TE|8886323862~AMT|AU|79~SVC|HC^99308|79|10.57||1~DTM|472|20141106~CAS|OA|23|65.79~CAS|PR|2|2.64~REF|6R|1360859848Z1~AMT|B6|65.01~LQ|HE|N192~LX|2~TS3|1063835361|33|20151231|1|109~CLP|3-2384|2|109|0|81.63|12|E1JLKXCCY0000|33|1~NM1|QC|1|ROTHSTEIN|AGATHA|R|||MI|539267482B~NM1|74|1||||||C|W072411687~NM1|82|1|MARCO|DALE-ANN||||XX|1063835361~REF|1L|0865357-014-00713-RA~REF|CE|OPEN CHOICE~DTM|232|20150129~DTM|233|20150129~DTM|050|20150228~PER|CX||TE|8886323862~AMT|AU|109~SVC|HC^99335|109|0||1~DTM|472|20150129~CAS|OA|23|27.37~CAS|PR|1|81.63~REF|6R|1378249851Z1~AMT|B6|81.63~SE|107|0001~GE|1|662~IEA|1|000000667~