ISA|00|          |00|          |ZZ|ZIRMED         |29|E12705         |150312|0328|U|00401|000000702|0|P|^~GS|HP|ZIRMED|E12705|20150312|0328|697|X|004010X091A1~ST|835|0001~BPR|I|1589.59|C|ACH|CCP|01|081517693|DA|152302017594|1205296137||01|111000025|DA|488038453432|20150312~TRN|1|889761129|1205296137~REF|EV|E12705~DTM|405|20150311~N1|PR|NOVITAS SOLUTIONS, INC.~N3|PO BOX 3110~N4|MECHANICSBURG|PA|170551826~REF|2U|04412~PER|CX||TE|8552528782~N1|PE|DFW GERIATRICS PLLC|XX|1063835361~N3|2925 SKYWAY CIRCLE NORTH~N4|IRVING|TX|750383510~REF|TJ|464596718~LX|1~CLP|322-2048|19|121|32.64|67.84|MB|2815057275250|31|1~NM1|QC|1|ALCORN|RITA||||HN|453524322A~NM1|82|1||||||XX|1962447805~NM1|TT|2|TX HEALTH & HUMAN SERVICES COMMI|||||PI|70051~MOA|||MA01|MA07~DTM|050|20150226~SVC|HC^99316^GW|121|32.64||1~DTM|472|20150115~CAS|CO|45|19.85||253|.67~CAS|PR|1|59.51||2|8.33~REF|LU|31~REF|6R|1383369183Z1~AMT|B6|101.15~CLP|322-2041|19|104|61.37|15.66|MB|2815057275260|31|1~NM1|QC|1|ALCORN|RITA||||HN|453524322A~NM1|82|1||||||XX|1952303547~NM1|TT|2|TX HEALTH & HUMAN SERVICES COMMI|||||PI|70051~MOA|||MA01|MA07~DTM|050|20150226~SVC|HC^99309^GW|104|61.37||1~DTM|472|20150112~CAS|CO|45|25.72||253|1.25~CAS|PR|2|15.66~REF|LU|31~REF|6R|1383369384Z1~AMT|B6|78.28~CLP|322-1893|19|104|61.37|15.66|MB|2815057275270|31|1~NM1|QC|1|ALCORN|RITA||||HN|453524322A~NM1|82|1||||||XX|1952303547~NM1|TT|2|TX HEALTH & HUMAN SERVICES COMMI|||||PI|70051~MOA|||MA01|MA07~DTM|050|20150226~SVC|HC^99309^GW|104|61.37||1~DTM|472|20150105~CAS|CO|45|25.72||253|1.25~CAS|PR|2|15.66~REF|LU|31~REF|6R|1383369738Z1~AMT|B6|78.28~CLP|322-1870|19|51|33.52|8.55|MB|2815057275280|31|1~NM1|QC|1|ALCORN|RITA||||HN|453524322A~NM1|82|1||||||XX|1962447805~NM1|TT|2|TX HEALTH & HUMAN SERVICES COMMI|||||PI|70051~MOA|||MA01|MA07~DTM|050|20150226~SVC|HC^99307^GW|51|33.52||1~DTM|472|20150104~CAS|CO|45|8.25||253|.68~CAS|PR|2|8.55~REF|LU|31~REF|6R|1383374729Z1~AMT|B6|42.75~CLP|279-2428|1|79|51.8|13.21|MB|2815057754990|31|1~NM1|QC|1|BANNER|JOSEPHINE|M|||HN|575283550A~NM1|82|1||||||XX|1962447805~MOA|||MA01~DTM|050|20150226~SVC|HC^99308|79|51.8||1~DTM|472|20141208~CAS|CO|45|12.93||253|1.06~CAS|PR|2|13.21~REF|LU|31~REF|6R|1383581775Z1~AMT|B6|66.07~CLP|298-2430|1|79|51.8|13.21|MB|2815057755010|31|1~NM1|QC|1|COX|DOROTHY||||HN|451013622D~NM1|82|1||||||XX|1962447805~MOA|||MA01~DTM|050|20150226~SVC|HC^99308|79|51.8||1~DTM|472|20141208~CAS|CO|45|12.93||253|1.06~CAS|PR|2|13.21~REF|LU|31~REF|6R|1383581777Z1~AMT|B6|66.07~CLP|98-2115|19|51|33.52|8.55|MB|2815057275290|32|1~NM1|QC|1|DELUNA|DAVID||||HN|466927987A~NM1|82|1||||||XX|1962447805~NM1|TT|2|TX HEALTH & HUMAN SERVICES COMMI|||||PI|70051~MOA|||MA01|MA27|MA07~DTM|050|20150226~SVC|HC^99307^GW|51|33.52||1~DTM|472|20150121~CAS|CO|45|8.25||253|.68~CAS|PR|2|8.55~REF|LU|32~REF|6R|1383378295Z1~AMT|B6|42.75~CLP|72-1946|19|104|68.25|17.41|MB|2815057275300|32|1~NM1|QC|1|GAINES|GWENDOLYN||||HN|462219921TA~NM1|82|1||||||XX|1962447805~NM1|TT|2|TX HEALTH & HUMAN SERVICES COMMI|||||PI|70051~MOA|||MA01|MA07~DTM|050|20150226~SVC|HC^99309^GW|104|68.25||1~DTM|472|20141120~CAS|CO|45|16.95||253|1.39~CAS|PR|2|17.41~REF|LU|32~REF|6R|1383378394Z1~AMT|B6|87.05~CLP|263-1406|19|104|68.25|17.41|MB|2815057275220|32|1~NM1|QC|1|HENDERSON|ZIONA|B|||HN|456103936A~NM1|82|1||||||XX|1962447805~NM1|TT|2|TX HEALTH & HUMAN SERVICES COMMI|||||PI|70051~MOA|||MA01|MA07~DTM|050|20150226~SVC|HC^99309^GW|104|68.25||1~DTM|472|20140922~CAS|CO|45|16.95||253|1.39~CAS|PR|2|17.41~REF|LU|32~REF|6R|1383319560Z1~AMT|B6|87.05~CLP|263-1115|19|104|68.25|17.41|MB|2815057275230|32|1~NM1|QC|1|HENDERSON|ZIONA|B|||HN|456103936A~NM1|82|1||||||XX|1962447805~NM1|TT|2|TX HEALTH & HUMAN SERVICES COMMI|||||PI|70051~MOA|||MA01|MA07~DTM|050|20150226~SVC|HC^99309^GW|104|68.25||1~DTM|472|20140721~CAS|CO|45|16.95||253|1.39~CAS|PR|2|17.41~REF|LU|32~REF|6R|1383320516Z1~AMT|B6|87.05~CLP|263-1079|19|104|68.25|17.41|MB|2815057275240|32|1~NM1|QC|1|HENDERSON|ZIONA|B|||HN|456103936A~NM1|82|1||||||XX|1962447805~NM1|TT|2|TX HEALTH & HUMAN SERVICES COMMI|||||PI|70051~MOA|||MA01|MA07~DTM|050|20150226~SVC|HC^99309^GW|104|68.25||1~DTM|472|20141020~CAS|CO|45|16.95||253|1.39~CAS|PR|2|17.41~REF|LU|32~REF|6R|1383323107Z1~AMT|B6|87.05~CLP|9-2020|19|104|68.25|17.41|MB|2815057275310|32|1~NM1|QC|1|KISER|BEN||||HN|456687960M~NM1|82|1||||||XX|1962447805~NM1|TT|2|TX HEALTH & HUMAN SERVICES COMMI|||||PI|70051~MOA|||MA01|MA07~DTM|050|20150226~SVC|HC^99309^GW|104|68.25||1~DTM|472|20141006~CAS|CO|45|16.95||253|1.39~CAS|PR|2|17.41~REF|LU|32~REF|6R|1383379545Z1~AMT|B6|87.05~CLP|9-1864|19|51|33.52|8.55|MB|2815057275320|32|1~NM1|QC|1|KISER|BEN||||HN|456687960M~NM1|82|1||||||XX|1962447805~NM1|TT|2|TX HEALTH & HUMAN SERVICES COMMI|||||PI|70051~MOA|||MA01|MA07~DTM|050|20150226~SVC|HC^99307^GW|51|33.52||1~DTM|472|20150105~CAS|CO|45|8.25||253|.68~CAS|PR|2|8.55~REF|LU|32~REF|6R|1383379959Z1~AMT|B6|42.75~CLP|262-2429|1|79|51.8|13.21|MB|2815057755000|31|1~NM1|QC|1|MIZELL|BETTY|C|||HN|456521535A~NM1|82|1||||||XX|1962447805~MOA|||MA01~DTM|050|20150226~SVC|HC^99308|79|51.8||1~DTM|472|20141208~CAS|CO|45|12.93||253|1.06~CAS|PR|2|13.21~REF|LU|31~REF|6R|1383581776Z1~AMT|B6|66.07~CLP|78-1951|19|104|68.25|17.41|MB|2815057275330|32|1~NM1|QC|1|NELSON|HELEN|R|||HN|452520020M~NM1|82|1||||||XX|1962447805~NM1|TT|2|TX HEALTH & HUMAN SERVICES COMMI|||||PI|70051~MOA|||MA01|MA07~DTM|050|20150226~SVC|HC^99309^GW|104|68.25||1~DTM|472|20141120~CAS|CO|45|16.95||253|1.39~CAS|PR|2|17.41~REF|LU|32~REF|6R|1383381531Z1~AMT|B6|87.05~CLP|78-1866|19|51|33.52|8.55|MB|2815057275340|32|1~NM1|QC|1|NELSON|HELEN|R|||HN|452520020M~NM1|82|1||||||XX|1962447805~NM1|TT|2|TX HEALTH & HUMAN SERVICES COMMI|||||PI|70051~MOA|||MA01|MA07~DTM|050|20150226~SVC|HC^99307^GW|51|33.52||1~DTM|472|20150105~CAS|CO|45|8.25||253|.68~CAS|PR|2|8.55~REF|LU|32~REF|6R|1383381758Z1~AMT|B6|42.75~CLP|357-2364|1|79|51.8|13.21|MB|2815057754980|32|1~NM1|QC|1|RUTHERFORD|ODESSA||||HN|454382530A~NM1|82|1||||||XX|1962447805~MOA|||MA01~DTM|050|20150226~SVC|HC^99308|79|51.8||1~DTM|472|20141203~CAS|CO|45|12.93||253|1.06~CAS|PR|2|13.21~REF|LU|32~REF|6R|1383534444Z1~AMT|B6|66.07~CLP|50-2447|19|120|78.09|19.92|MB|2815057755020|21|1~NM1|QC|1|SANDERS|TONY|R|||HN|467086770A~NM1|82|1||||||XX|1962447805~NM1|TT|2|TX HEALTH & HUMAN SERVICES COMMI|||||PI|70051~MOA|||MA01|MA07~DTM|050|20150226~SVC|HC^99233|120|78.09||1~DTM|472|20141203~CAS|CO|45|20.4||253|1.59~CAS|PR|2|19.92~REF|LU|21~REF|6R|1383581778Z1~AMT|B6|99.6~CLP|50-2448|19|120|69.86|17.82|MB|2815057755030|21|1~NM1|QC|1|SANDERS|TONY|R|||HN|467086770A~NM1|82|1||||||XX|1952303547~NM1|TT|2|TX HEALTH & HUMAN SERVICES COMMI|||||PI|70051~MOA|||MA01|MA07~DTM|050|20150226~SVC|HC^99233|120|69.86||1~DTM|472|20141204~CAS|CO|45|30.89||253|1.43~CAS|PR|2|17.82~REF|LU|21~REF|6R|1383581779Z1~AMT|B6|89.11~CLP|50-2449|19|83|54.18|13.82|MB|2815057755040|21|1~NM1|QC|1|SANDERS|TONY|R|||HN|467086770A~NM1|82|1||||||XX|1962447805~NM1|TT|2|TX HEALTH & HUMAN SERVICES COMMI|||||PI|70051~MOA|||MA01|MA07~DTM|050|20150226~SVC|HC^99232|83|54.18||1~DTM|472|20141205~CAS|CO|45|13.89||253|1.11~CAS|PR|2|13.82~REF|LU|21~REF|6R|1383581780Z1~AMT|B6|69.11~CLP|50-2450|19|83|54.18|13.82|MB|2815057755050|21|1~NM1|QC|1|SANDERS|TONY|R|||HN|467086770A~NM1|82|1||||||XX|1962447805~NM1|TT|2|TX HEALTH & HUMAN SERVICES COMMI|||||PI|70051~MOA|||MA01|MA07~DTM|050|20150226~SVC|HC^99232|83|54.18||1~DTM|472|20141206~CAS|CO|45|13.89||253|1.11~CAS|PR|2|13.82~REF|LU|21~REF|6R|1383581781Z1~AMT|B6|69.11~CLP|50-2451|19|120|78.09|19.92|MB|2815057755060|21|1~NM1|QC|1|SANDERS|TONY|R|||HN|467086770A~NM1|82|1||||||XX|1962447805~NM1|TT|2|TX HEALTH & HUMAN SERVICES COMMI|||||PI|70051~MOA|||MA01|MA07~DTM|050|20150226~SVC|HC^99233|120|78.09||1~DTM|472|20141207~CAS|CO|45|20.4||253|1.59~CAS|PR|2|19.92~REF|LU|21~REF|6R|1383581782Z1~AMT|B6|99.6~CLP|50-2454|19|120|69.86|17.82|MB|2815057755070|21|1~NM1|QC|1|SANDERS|TONY|R|||HN|467086770A~NM1|82|1||||||XX|1952303547~NM1|TT|2|TX HEALTH & HUMAN SERVICES COMMI|||||PI|70051~MOA|||MA01|MA07~DTM|050|20150226~SVC|HC^99233|120|69.86||1~DTM|472|20141213~CAS|CO|45|30.89||253|1.43~CAS|PR|2|17.82~REF|LU|21~REF|6R|1383581784Z1~AMT|B6|89.11~CLP|50-2455|19|120|78.09|19.92|MB|2815057755080|21|1~NM1|QC|1|SANDERS|TONY|R|||HN|467086770A~NM1|82|1||||||XX|1962447805~NM1|TT|2|TX HEALTH & HUMAN SERVICES COMMI|||||PI|70051~MOA|||MA01|MA07~DTM|050|20150226~SVC|HC^99233|120|78.09||1~DTM|472|20141214~CAS|CO|45|20.4||253|1.59~CAS|PR|2|19.92~REF|LU|21~REF|6R|1383581785Z1~AMT|B6|99.6~CLP|50-2453|19|234|152.6|38.93|MB|2815057755090|21|1~NM1|QC|1|SANDERS|TONY|R|||HN|467086770A~NM1|82|1||||||XX|1962447805~NM1|TT|2|TX HEALTH & HUMAN SERVICES COMMI|||||PI|70051~MOA|||MA01|MA07~DTM|050|20150226~SVC|HC^99223|234|152.6||1~DTM|472|20141212~CAS|CO|45|39.36||253|3.11~CAS|PR|2|38.93~REF|LU|21~REF|6R|1383581786Z1~AMT|B6|194.64~CLP|50-2456|19|83|48.48|12.37|MB|2815057755100|21|1~NM1|QC|1|SANDERS|TONY|R|||HN|467086770A~NM1|82|1||||||XX|1952303547~NM1|TT|2|TX HEALTH & HUMAN SERVICES COMMI|||||PI|70051~MOA|||MA01|MA07~DTM|050|20150226~SVC|HC^99232|83|48.48||1~DTM|472|20141215~CAS|CO|45|21.16||253|.99~CAS|PR|2|12.37~REF|LU|21~REF|6R|1383581787Z1~AMT|B6|61.84~SE|350|0001~GE|1|697~IEA|1|000000702~