ISA|00|          |00|          |ZZ|ZIRMED         |29|E12705         |150123|0643|U|00401|000000485|0|P|^~GS|HP|ZIRMED|E12705|20150123|0643|480|X|004010X091A1~ST|835|0001~BPR|H|0|C|NON||||||||||||20150123~TRN|1|458573722|1205296137~REF|EV|E12705~DTM|405|20150122~N1|PR|NOVITAS SOLUTIONS, INC.~N3|PO BOX 3110~N4|MECHANICSBURG|PA|170551826~REF|2U|04412~PER|CX||TE|8552528782~N1|PE|DFW GERIATRICS PLLC|XX|1063835361~N3|2925 SKYWAY CIRCLE NORTH~N4|IRVING|TX|750383510~REF|TJ|464596718~LX|1~CLP|289-1806|1|79|0|79|MB|2815013175420|31|1~NM1|QC|1|PORCHE|MARGARET||||HN|281421765T~NM1|82|1||||||XX|1952303547~MOA|||MA01~DTM|050|20150113~SVC|HC^99308|79|0||||1~DTM|472|20141219~CAS|PR|26|79~REF|LU|31~REF|6R|1344073445Z1~CLP|289-1772|1|104|0|104|MB|2815013175610|31|1~NM1|QC|1|PORCHE|MARGARET||||HN|281421765T~NM1|82|1||||||XX|1952303547~MOA|||MA01~DTM|050|20150113~SVC|HC^99309|104|0||||1~DTM|472|20141215~CAS|PR|26|104~REF|LU|31~REF|6R|1344073878Z1~SE|36|0001~ST|835|0002~BPR|I|659.99|C|ACH|CCP|01|081517693|DA|152302017594|1205296137||01|111000025|DA|488038453432|20150123~TRN|1|889426839|1205296137~REF|EV|E12705~DTM|405|20150122~N1|PR|NOVITAS SOLUTIONS, INC.~N3|PO BOX 3110~N4|MECHANICSBURG|PA|170551826~REF|2U|04412~PER|CX||TE|8552528782~N1|PE|DFW GERIATRICS PLLC|XX|1063835361~N3|2925 SKYWAY CIRCLE NORTH~N4|IRVING|TX|750383510~REF|TJ|464596718~LX|1~CLP|229-1348|19|104|68.25|17.41|MB|2814358596220|31|1~NM1|QC|1|CATALANO|MARY|D|||HN|276284634A~NM1|82|1||||||XX|1962447805~NM1|TT|2|BCBS OF MICHIGAN|||||PI|00055~MOA|||MA01|MA18~DTM|050|20141224~SVC|HC^99309|104|68.25||1~DTM|472|20140818~CAS|CO|45|16.95||253|1.39~CAS|PR|2|17.41~REF|LU|31~REF|6R|1329889434Z1~AMT|B6|87.05~CLP|95-1401|19|109|63.87|16.29|MB|2814358596510|33|1~NM1|QC|1|DAILY|TOM|A|||HN|467645645A~NM1|82|1||||||XX|1952303547~NM1|TT|2|TX HEALTH & HUMAN SERVICES COMMI|||||PI|70051~MOA|||MA01|MA07~DTM|050|20141224~SVC|HC^99335|109|63.87||1~DTM|472|20140919~CAS|CO|45|27.54||253|1.3~CAS|PR|2|16.29~REF|LU|33~REF|6R|1329920356Z1~AMT|B6|81.46~CLP|156-1402|19|222|129.81|33.11|MB|2814358596520|33|1~NM1|QC|1|LEWIS|EDWARD||||HN|547680273A~NM1|82|1||||||XX|1952303547~NM1|TT|2|TX HEALTH & HUMAN SERVICES COMMI|||||PI|70051~MOA|||MA01|MA07~DTM|050|20141224~SVC|HC^99337|222|129.81||1~DTM|472|20140919~CAS|CO|45|56.43||253|2.65~CAS|PR|2|33.11~REF|LU|33~REF|6R|1329920357Z1~AMT|B6|165.57~CLP|156-1270|19|51|33.58|8.57|MB|2814358597040|31|1~NM1|QC|1|LEWIS|EDWARD||||HN|547680273A~NM1|82|1||||||XX|1962447805~NM1|TT|2|TX HEALTH & HUMAN SERVICES COMMI|||||PI|70051~MOA|||MA01|MA07~DTM|050|20141224~SVC|HC^99307|51|33.58||1~DTM|472|20141007~CAS|CO|45|8.16||253|.69~CAS|PR|2|8.57~REF|LU|31~REF|6R|1329958607Z1~AMT|B6|42.84~CLP|176-1422|19|51|33.58|8.57|MB|2814358596950|31|1~NM1|QC|1|PILGRIM|NELL|L|||HN|411098338D~NM1|82|1||||||XX|1962447805~NM1|TT|2|UNITEDHEALTH GROUP|||||PI|30002~MOA|||MA01|MA18~DTM|050|20141224~SVC|HC^99307|51|33.58||1~DTM|472|20141002~CAS|CO|45|8.16||253|.69~CAS|PR|2|8.57~REF|LU|31~REF|6R|1329941214Z1~AMT|B6|42.84~CLP|176-1434|19|104|68.25|17.41|MB|2814358597250|31|1~NM1|QC|1|PILGRIM|NELL|L|||HN|411098338D~NM1|82|1||||||XX|1962447805~NM1|TT|2|UNITEDHEALTH GROUP|||||PI|30002~MOA|||MA01|MA18~DTM|050|20141224~SVC|HC^99309|104|68.25||1~DTM|472|20141016~CAS|CO|45|16.95||253|1.39~CAS|PR|2|17.41~REF|LU|31~REF|6R|1329970779Z1~AMT|B6|87.05~CLP|275-1330|19|193|126.15|32.18|MB|2814358597090|31|1~NM1|QC|1|SZKOLA|GERTRUDE|A|||HN|364058383A~NM1|82|1||||||XX|1962447805~NM1|TT|2|BCBS OF MICHIGAN|||||PI|00055~MOA|||MA01|MA18~DTM|050|20141224~SVC|HC^99306|193|126.15||1~DTM|472|20141007~CAS|CO|45|32.1||253|2.57~CAS|PR|2|32.18~REF|LU|31~REF|6R|1329958612Z1~AMT|B6|160.9~CLP|275-1430|19|104|68.25|17.41|MB|2814358597210|31|1~NM1|QC|1|SZKOLA|GERTRUDE|A|||HN|364058383A~NM1|82|1||||||XX|1962447805~NM1|TT|2|BCBS OF MICHIGAN|||||PI|00055~MOA|||MA01|MA18~DTM|050|20141224~SVC|HC^99309|104|68.25||1~DTM|472|20141016~CAS|CO|45|16.95||253|1.39~CAS|PR|2|17.41~REF|LU|31~REF|6R|1329970775Z1~AMT|B6|87.05~CLP|275-1444|19|104|68.25|17.41|MB|2814358597330|31|1~NM1|QC|1|SZKOLA|GERTRUDE|A|||HN|364058383A~NM1|82|1||||||XX|1962447805~NM1|TT|2|BCBS OF MICHIGAN|||||PI|00055~MOA|||MA01|MA18~DTM|050|20141224~SVC|HC^99309|104|68.25||1~DTM|472|20141009~CAS|CO|45|16.95||253|1.39~CAS|PR|2|17.41~REF|LU|31~REF|6R|1329970787Z1~AMT|B6|87.05~SE|133|0002~GE|2|480~IEA|1|000000485~