ISA|00|          |00|          |ZZ|ZIRMED         |ZZ|PAYER          |150829|1623|U|00401|000001277|0|P|^~GS|HP|ZIRMED|PROVIDERHIS|20150829|1623|1272|X|004010X091A1~ST|835|0001~BPR|I|210.47|C|ACH|CCP|01|071000505|DA|5800366444|1742770542||01|111000025|DA|488038453432|20150831~TRN|1|0901485791|1742770542~REF|EV|999999999999999~DTM|405|20150831~N1|PR|SUPERIOR HEALTH PLAN~N3|6070 GATEWAY EAST|SUITE 400~N4|EL PASO|TX|79905~N1|PE|DFW GERIATRICS PLLC|XX|1063835361~N3|2925 SKWY CIR N~N4|IRVING|TX|75038~REF|TJ|464596718~LX|1~CLP|6048-3652|1|386|210.47||HM|O238TXE38636|11|E~NM1|QC|1|MARTIN|GERTRUDE||||MR|504273668~NM1|IL|1|MARTIN|GERTRUDE||||MI|00187200401~NM1|82|1|KETHA|SUMANA||||XX|1962447805~REF|EA|000000035204~REF|G2|168813~SVC|HC^99214^25|130|51.4||1~DTM|472|20150821~CAS|CO|45|78.6~REF|6R|1537304422Z1~REF|HPI|1962447805~AMT|B6|51.4~SVC|HC^94760|4|0||1~DTM|472|20150821~CAS|CO|97|4~REF|6R|1537304422Z2~REF|HPI|1962447805~AMT|B6|2.65~LQ|HE|N525~SVC|HC^95923|252|159.07||1~DTM|472|20150821~CAS|CO|45|92.93~REF|6R|1537304422Z3~REF|HPI|1962447805~AMT|B6|159.07~SE|39|0001~GE|1|1272~IEA|1|000001277~