ISA|00|          |00|          |ZZ|ZIRMED         |ZZ|GATE0084       |150916|0119|U|00401|000001362|1|P|^~GS|HP|ZIRMED|GATE0084|20150916|0119|1357|X|004010X091A1~ST|835|0001~BPR|I|58.33|C|CHK||||||||||||20150914~TRN|1|QC10590992|1411289245|000087726~DTM|405|20150914~N1|PR|UNITED HEALTHCARE INSURANCE COMPANY|XV|87726~N3|GREENSBORO SERVICE CENTER|PO BOX 30555~N4|SALT LAKE CITY|UT|841300555~REF|2U|87726~PER|CX|GREENSBORO SERVICE CENTER|TE|8778423210~N1|PE|SUMANA KETHA|XX|1063835361~N3|2925 SKYWAY CIR N~N4|IRVING|TX|750380000~REF|TJ|464596718~LX|1~TS3|1063835361|11|20151231|2|0~CLP|5957-2677|1|130|116.66||13|5017858091 0018208782|11|1~NM1|QC|1|BHATT|HEM~NM1|IL|1|BHATT|HEM||||MI|914221702~NM1|82|1|KETHA|SUMANA||||XX|1962447805~REF|1L|902732~REF|F8|5017858091 0012874156~REF|CE|COMP BA~DTM|050|20150416~DTM|232|20150202~AMT|AU|130~SVC|HC^99214|130|116.66||1~DTM|472|20150202~CAS|CO|45|13.34~REF|6R|1425084900Z1~AMT|B6|116.66~CLP|5957-2677|22|-130|-58.33||13|5017858091 0012874156|11|1~NM1|QC|1|BHATT|HEM~NM1|IL|1|BHATT|HEM||||MI|914221702~NM1|82|1|KETHA|SUMANA||||XX|1962447805~REF|CE|COMP BA~REF|1L|902732~DTM|050|20150416~DTM|232|20150202~SVC|HC^99214|-130|-58.33||1~DTM|472|20150202~CAS|CO|45|-13.34~CAS|PR|2|-58.33~REF|6R|1425084900Z1~SE|44|0001~ST|835|0002~BPR|I|156.18|C|CHK||||||||||||20150915~TRN|1|QC10598040|1411289245|000087726~DTM|405|20150915~N1|PR|UNITED HEALTHCARE INSURANCE COMPANY|XV|87726~N3|GREENSBORO SERVICE CENTER|PO BOX 30555~N4|SALT LAKE CITY|UT|841300555~REF|2U|87726~PER|CX|GREENSBORO SERVICE CENTER|TE|8778423210~N1|PE|SUMANA KETHA|XX|1063835361~N3|2925 SKYWAY CIR N~N4|IRVING|TX|750380000~REF|TJ|464596718~LX|1~TS3|1063835361|11|20151231|1|186~CLP|6072-3557|1|186|156.18||13|5175835028 0018218733|11|1~NM1|QC|1|DHUNGANA|KUNDAN~NM1|IL|1|DHUNGANA|KUNDAN||||MI|909706781~NM1|82|1|KETHA|SUMANA||||XX|1962447805~MOA|||MA15~REF|CE|COMP BA~REF|1L|902732~DTM|050|20150821~DTM|232|20150806~AMT|AU|186~SVC|HC^99386^25|186|156.18||1~DTM|472|20150806~CAS|CO|45|29.82~REF|6R|1533470388Z1~AMT|B6|156.18~SE|31|0002~GE|2|1357~IEA|1|000001362~