ISA|00|          |00|          |ZZ|ZIRMED         |ZZ|AV09311993     |150207|1308|U|00401|000000538|0|P|^~GS|HP|ZIRMED|AV01101957|20150207|1308|533|X|004010X091A1~ST|835|0001~BPR|I|15.58|C|CHK||||||||||||20150206~TRN|1|C15037333991130|1361236610|CP201502063339911300~REF|EV|TX8355010~DTM|405|20150206~N1|PR|BLUECROSS BLUESHIELD OF TEXAS~N3|P O BOX 660044~N4|DALLAS|TX|752660044~REF|2U|G84980~N1|PE|DFW GERIATRICS PLLC|XX|1063835361~N3|2925 SKYWAY CIR N~N4|IRVING|TX|750383510~REF|TJ|464596718~LX|1~CLP|330-1731|2|104|15.58||15|0201503657031U60X00|31|1~NM1|QC|1|TURNER|HENRY|R|||MI|ZGM860084798~NM1|82|1|MARCO|DALE|A|||XX|1952303547~REF|1L|0000TX2030000~REF|CE|MEDICARE CROSSOVER CLAIM~DTM|232|20141222~DTM|233|20141222~DTM|050|20150205~AMT|AU|77.89~SVC|HC^99309|104|15.58||1~DTM|472|20141222~CAS|OA|23|88.42~REF|6R|1349234359Z1~AMT|B6|77.89~SE|29|0001~ST|835|0002~BPR|I|16.29|C|CHK||||||||||||20150206~TRN|1|C15037117695620|1361236610|CP201502061176956200~REF|EV|TX8355010~DTM|405|20150206~N1|PR|BLUECROSS BLUESHIELD OF TEXAS~N3|P O BOX 660044~N4|DALLAS|TX|752660044~REF|2U|G84980~N1|PE|DFW GERIATRICS PLLC|XX|1063835361~N3|2925 SKYWAY CIR N~N4|IRVING|TX|750383510~REF|TJ|464596718~LX|1~CLP|139-1719|2|109|16.29||ZZ|0201503657285V50X00|33|1~NM1|QC|1|BUTNER|JOANN||||MI|R02401367~NM1|IL|1|BUTNER|JOANN||||MI|R02401367~NM1|82|1|MARCO|DALE|A|||XX|1952303547~REF|1L|0000FEPTX0102~REF|CE|MEDICARE CROSSOVER CLAIM~DTM|232|20141230~DTM|233|20141230~DTM|050|20150205~AMT|AU|81.46~SVC|HC^99335|109|16.29||1~DTM|472|20141230~CAS|CO|23|27.54~CAS|OA|23|65.17~REF|6R|1349233760Z1~AMT|B6|81.46~SE|31|0002~GE|2|533~IEA|1|000000538~