ISA|00|          |00|          |ZZ|ZIRMED         |ZZ|AV09311993     |150228|1224|U|00401|000000659|0|P|^~GS|HP|ZIRMED|AV01101957|20150228|1224|654|X|004010X091A1~ST|835|0001~BPR|I|32.18|C|CHK||||||||||||20150227~TRN|1|C15058334535630|1361236610|CP201502273345356300~REF|EV|TX8355010~DTM|405|20150227~N1|PR|BLUECROSS BLUESHIELD OF TEXAS~N3|P O BOX 660044~N4|DALLAS|TX|752660044~REF|2U|G84980~N1|PE|DFW GERIATRICS PLLC|XX|1063835361~N3|2925 SKYWAY CIR N~N4|IRVING|TX|750383510~REF|TJ|464596718~LX|1~CLP|285-1294|2|193|32.18||12|0201505657U49310X00|31|1~NM1|QC|1|MCVAY|J|D|||MI|AJL847138734~NM1|82|1|KETHA|SUMANA||||XX|1962447805~REF|1L|0000809460007~REF|CE|MEDICARE CROSSOVER CLAIM~DTM|232|20141007~DTM|233|20141007~DTM|050|20150225~AMT|AU|160.9~SVC|HC^99306|193|32.18||1~DTM|472|20141007~CAS|OA|23|160.82~REF|6R|1368549821Z1~AMT|B6|160.9~SE|29|0001~ST|835|0002~BPR|I|50.22|C|CHK||||||||||||20150227~TRN|1|C15058117908770|1361236610|CP201502271179087700~REF|EV|TX8355010~DTM|405|20150227~N1|PR|BLUECROSS BLUESHIELD OF TEXAS~N3|P O BOX 660044~N4|DALLAS|TX|752660044~REF|2U|G84980~N1|PE|DFW GERIATRICS PLLC|XX|1063835361~N3|2925 SKYWAY CIR N~N4|IRVING|TX|750383510~REF|TJ|464596718~LX|1~CLP|139-1597|2|222|37.01||ZZ|02015057577J9830X00|33|1~NM1|QC|1|BUTNER|JOANN||||MI|R02401367~NM1|IL|1|BUTNER|JOANN||||MI|R02401367~NM1|82|1|KETHA|SUMANA||||XX|1962447805~REF|1L|0000FEPTX0102~REF|CE|MEDICARE CROSSOVER CLAIM~DTM|232|20141013~DTM|233|20141013~DTM|050|20150226~AMT|AU|185.05~SVC|HC^99337|222|37.01||1~DTM|472|20141013~CAS|CO|23|36.95~CAS|OA|23|148.04~REF|6R|1369941703Z1~AMT|B6|185.05~LX|2~CLP|204-2166|2|79|13.21||ZZ|02015058576X0490X00|31|1~NM1|QC|1|MCCLURG|MARY|A|||MI|R02369803~NM1|82|1|KETHA|SUMANA||||XX|1962447805~REF|1L|0000FEPTX0102~REF|CE|MEDICARE CROSSOVER CLAIM~DTM|232|20140731~DTM|233|20140731~DTM|050|20150227~AMT|AU|66.07~SVC|HC^99308|79|13.21||1~DTM|472|20140731~CAS|CO|23|12.93~CAS|OA|23|52.86~REF|6R|1371083967Z1~AMT|B6|66.07~SE|47|0002~GE|2|654~IEA|1|000000659~