ISA|00|          |00|          |ZZ|ZIRMED         |29|E12705         |150818|0244|U|00401|000001227|0|P|^~GS|HP|ZIRMED|E12705|20150818|0244|1222|X|004010X091A1~ST|835|0001~BPR|I|269.38|C|ACH|CCP|01|081517693|DA|152302017594|1205296137||01|111000025|DA|488038453432|20150818~TRN|1|890788367|1205296137~REF|EV|E12705~DTM|405|20150817~N1|PR|NOVITAS SOLUTIONS, INC.~N3|PO BOX 3110~N4|MECHANICSBURG|PA|170551826~REF|2U|04412~PER|CX||TE|8552528782~N1|PE|DFW GERIATRICS PLLC|XX|1063835361~N3|2925 SKYWAY CIRCLE NORTH~N4|IRVING|TX|750383510~REF|TJ|464596718~LX|1~CLP|137-2394|19|109|63.99|16.33|MB|2815216178430|33|1~NM1|QC|1|BARNETT|JERRELL|A|||HN|466441735A~NM1|82|1||||||XX|1952303547~NM1|TT|2|TX HEALTH & HUMAN SERVICES COMMI|||||PI|70051~MOA|||MA01|MA07~DTM|050|20150804~SVC|HC^99335|109|63.99||1~DTM|472|20150129~CAS|CO|45|27.37||253|1.31~CAS|PR|2|16.33~REF|6R|1516742485Z1~REF|LU|33~AMT|B6|81.63~CLP|226-2547|19|79|51.76|13.2|MB|2815216178390|31|1~NM1|QC|1|HOUSE|MELVIN||||HN|271329525A~NM1|82|1||||||XX|1962447805~NM1|TT|2|TX HEALTH & HUMAN SERVICES COMMI|||||PI|70051~MOA|||MA01|MA07~DTM|050|20150804~SVC|HC^99308|79|51.76||1~DTM|472|20150121~CAS|CO|45|12.98||253|1.06~CAS|PR|2|13.2~REF|6R|1516738428Z1~REF|LU|31~AMT|B6|66.02~CLP|226-2328|19|79|51.8|13.21|MB|2815216178400|32|1~NM1|QC|1|HOUSE|MELVIN||||HN|271329525A~NM1|82|1||||||XX|1962447805~NM1|TT|2|TX HEALTH & HUMAN SERVICES COMMI|||||PI|70051~MOA|||MA01|MA07~DTM|050|20150804~SVC|HC^99308|79|51.8||1~DTM|472|20141103~CAS|CO|45|12.93||253|1.06~CAS|PR|2|13.21~REF|6R|1516740699Z1~REF|LU|32~AMT|B6|66.07~CLP|9-601|19|51|33.58|8.57|MB|2815216178420|32|1~NM1|QC|1|KISER|BEN||||HN|456687960M~NM1|82|1||||||XX|1962447805~NM1|TT|2|TX HEALTH & HUMAN SERVICES COMMI|||||PI|70051~MOA|||MA01|MA07~DTM|050|20150804~SVC|HC^99307^GW|51|33.58||1~DTM|472|20140903~CAS|CO|45|8.16||253|.69~CAS|PR|2|8.57~REF|6R|1516740901Z1~REF|LU|32~AMT|B6|42.84~CLP|346-1973|19|104|68.25|17.41|MB|2815216178410|32|1~NM1|QC|1|SALDANA|LUIS||||HN|465977738A~NM1|82|1||||||XX|1962447805~NM1|TT|2|TX HEALTH & HUMAN SERVICES COMMI|||||PI|70051~MOA|||MA01|MA07~DTM|050|20150804~SVC|HC^99309|104|68.25||1~DTM|472|20140811~CAS|CO|45|16.95||253|1.39~CAS|PR|2|17.41~REF|6R|1516740868Z1~REF|LU|32~AMT|B6|87.05~SE|81|0001~GE|1|1222~IEA|1|000001227~