ISA|00|          |00|          |ZZ|ZIRMED         |29|E12705         |150708|0417|U|00401|000001111|0|P|^~GS|HP|ZIRMED|E12705|20150708|0417|1106|X|004010X091A1~ST|835|0001~BPR|H|0|C|NON||||||||||||20150708~TRN|1|459432026|1205296137~REF|EV|E12705~DTM|405|20150707~N1|PR|NOVITAS SOLUTIONS, INC.~N3|PO BOX 3110~N4|MECHANICSBURG|PA|170551826~REF|2U|04412~PER|CX||TE|8552528782~N1|PE|DFW GERIATRICS PLLC|XX|1063835361~N3|2925 SKYWAY CIRCLE NORTH~N4|IRVING|TX|750383510~REF|TJ|464596718~LX|1~CLP|342-2585|1|510|0||MB|2815181295160|11|1~NM1|QC|1|ALLEN|THOMAS||||HN|453825428A~NM1|82|1||||||XX|1679978068~MOA|||MA01~DTM|050|20150630~SVC|HC^99214^25|130|0||||1~DTM|472|20150211~CAS|OA|18|130~REF|6R|1486999760Z1~REF|LU|11~LQ|HE|N522~SVC|HC^99406|18|0||||1~DTM|472|20150211~CAS|OA|18|18~REF|6R|1486999760Z2~REF|LU|11~LQ|HE|N522~SVC|HC^95921|110|0||||1~DTM|472|20150211~CAS|CO|170|110~REF|6R|1486999760Z3~REF|LU|11~SVC|HC^95923|252|0||||1~DTM|472|20150211~CAS|CO|170|252~REF|6R|1486999760Z4~REF|LU|11~CLP|285-1437|4|79|0||MB|2815180470290|31|1~NM1|QC|1|MCVAY|J D||||HN|466203547A~NM1|82|1||||||XX|1962447805~MOA|||MA130|MA61~DTM|050|20150629~SVC|HC^99308|79|0||||1~DTM|472|20141009~CAS|CO|140|79~REF|6R|1485731481Z1~REF|LU|31~LQ|HE|MA130~LQ|HE|MA61~CLP|285-1432|4|51|0||MB|2815180470300|31|1~NM1|QC|1|MCVAY|J D||||HN|466203547A~NM1|82|1||||||XX|1962447805~MOA|||MA130|MA61~DTM|050|20150629~SVC|HC^99307|51|0||||1~DTM|472|20141016~CAS|CO|140|51~REF|6R|1485731484Z1~REF|LU|31~LQ|HE|MA130~LQ|HE|MA61~CLP|5393-2704|1|492|0||MB|2815181295170|11|1~NM1|QC|1|HUDGINS|MILES||||HN|524344555A~NM1|82|1||||||XX|1679978068~MOA|||MA01~DTM|050|20150630~SVC|HC^99214^25|130|0||||1~DTM|472|20150320~CAS|OA|18|130~REF|6R|1486999803Z1~REF|LU|11~LQ|HE|N522~SVC|HC^95921|110|0||||1~DTM|472|20150320~CAS|CO|170|110~REF|6R|1486999803Z2~REF|LU|11~SVC|HC^95923|252|0||||1~DTM|472|20150320~CAS|CO|170|252~REF|6R|1486999803Z3~REF|LU|11~CLP|383-2850|1|492|0||MB|2815181295180|11|1~NM1|QC|1|HUDGINS|NANCY||||HN|509380876A~NM1|82|1||||||XX|1679978068~MOA|||MA01~DTM|050|20150630~SVC|HC^99214^25|130|0||||1~DTM|472|20150501~CAS|OA|18|130~REF|6R|1487000040Z1~REF|LU|11~LQ|HE|N522~SVC|HC^95923|252|0||||1~DTM|472|20150501~CAS|CO|170|252~REF|6R|1487000040Z2~REF|LU|11~SVC|HC^95921|110|0||||1~DTM|472|20150501~CAS|CO|170|110~REF|6R|1487000040Z3~REF|LU|11~CLP|354-1997|1|104|0||MB|2815180470440|32|1~NM1|QC|1|JACKSON|BENNIE|L|||HN|453962694A~NM1|82|1||||||XX|1962447805~MOA|||MA01~DTM|050|20150629~SVC|HC^99309|104|0||||1~DTM|472|20140929~CAS|CO|109|104~REF|6R|1485751692Z1~REF|LU|32~CLP|408-2733|1|492|0||MB|2815181295200|11|1~NM1|QC|1|JOHNSON|LINDA||||HN|467634822M~NM1|82|1||||||XX|1679978068~MOA|||MA01~DTM|050|20150630~SVC|HC^99214^25|130|0||||1~DTM|472|20150408~CAS|OA|18|130~REF|6R|1487002498Z1~REF|LU|11~LQ|HE|N522~SVC|HC^95921|110|0||||1~DTM|472|20150408~CAS|CO|170|110~REF|6R|1487002498Z2~REF|LU|11~SVC|HC^95923|252|0||||1~DTM|472|20150408~CAS|CO|170|252~REF|6R|1487002498Z3~REF|LU|11~CLP|3457-2912|1|492|0||MB|2815181295190|11|1~NM1|QC|1|STEVENSON|RANDY||||HN|457845417C2~NM1|82|1||||||XX|1679978068~MOA|||MA01~DTM|050|20150630~SVC|HC^99214^25|130|0||||1~DTM|472|20150515~CAS|OA|18|130~REF|6R|1487000045Z1~REF|LU|11~LQ|HE|N522~SVC|HC^95923|252|0||||1~DTM|472|20150515~CAS|CO|170|252~REF|6R|1487000045Z2~REF|LU|11~SVC|HC^95921|110|0||||1~DTM|472|20150515~CAS|CO|170|110~REF|6R|1487000045Z3~REF|LU|11~CLP|382-2711|1|492|0||MB|2815181295210|11|1~NM1|QC|1|TODD|LANA||||HN|449755855A~NM1|82|1||||||XX|1679978068~MOA|||MA01~DTM|050|20150630~SVC|HC^99214^25|130|0||||1~DTM|472|20150109~CAS|OA|18|130~REF|6R|1487021961Z1~REF|LU|11~LQ|HE|N522~SVC|HC^95921|110|0||||1~DTM|472|20150109~CAS|CO|170|110~REF|6R|1487021961Z2~REF|LU|11~SVC|HC^95923|252|0||||1~DTM|472|20150109~CAS|CO|170|252~REF|6R|1487021961Z3~REF|LU|11~SE|182|0001~ST|835|0002~BPR|I|1715.51|C|ACH|CCP|01|081517693|DA|152302017594|1205296137||01|111000025|DA|488038453432|20150708~TRN|1|890519787|1205296137~REF|EV|E12705~DTM|405|20150707~N1|PR|NOVITAS SOLUTIONS, INC.~N3|PO BOX 3110~N4|MECHANICSBURG|PA|170551826~REF|2U|04412~PER|CX||TE|8552528782~N1|PE|DFW GERIATRICS PLLC|XX|1063835361~N3|2925 SKYWAY CIRCLE NORTH~N4|IRVING|TX|750383510~REF|TJ|464596718~LX|1~CLP|420-3039|19|130|81.14|20.7|MB|2815175674560|11|1~NM1|QC|1|AGANON|ASTERIO||||HN|630768999A~NM1|82|1||||||XX|1962447805~NM1|TT|2|ASSURED LIFE ASSOCIATION|||||PI|30281~MOA|||MA01|MA18~DTM|050|20150624~SVC|HC^99214|130|81.14||1~DTM|472|20150619~CAS|CO|45|26.5||253|1.66~CAS|PR|2|20.7~REF|6R|1482416474Z1~REF|LU|11~AMT|B6|103.5~CLP|390-3046|19|496|292.54|74.62|MB|2815175674590|11|1~NM1|QC|1|ANDREWS|EDWARD||||HN|459842820A~NM1|82|1||||||XX|1962447805~NM1|TT|2|TX HEALTH & HUMAN SERVICES COMMI|||||PI|70051~MOA|||MA01|MA07~DTM|050|20150624~SVC|HC^99214^25|130|81.14||1~DTM|472|20150617~CAS|CO|45|26.5||253|1.66~CAS|PR|2|20.7~REF|6R|1482416480Z1~REF|LU|11~AMT|B6|103.5~SVC|HC^94760|4|0||||1~DTM|472|20150617~CAS|CO|50|4~REF|6R|1482416480Z2~REF|LU|11~LQ|HE|M25~LQ|HE|N115~SVC|HC^95923|252|145.06||1~DTM|472|20150617~CAS|CO|45|66.98||253|2.96~CAS|PR|2|37~REF|6R|1482416480Z3~REF|LU|11~AMT|B6|185.02~SVC|HC^95921|110|66.34||1~DTM|472|20150617~CAS|CO|45|25.39||253|1.35~CAS|PR|2|16.92~REF|6R|1482416480Z4~REF|LU|11~AMT|B6|84.61~CLP|313-3049|19|130|81.14|20.7|MB|2815175674610|11|1~NM1|QC|1|FRICK|TERRY||||HN|467375415A~NM1|82|1||||||XX|1962447805~NM1|TT|2|ARKANSAS MEDICAID PROGRAM|||||PI|70017~MOA|||MA01|MA15|MA07~DTM|050|20150624~SVC|HC^99214^25|130|81.14||1~DTM|472|20150617~CAS|CO|45|26.5||253|1.66~CAS|PR|2|20.7~REF|6R|1482416482Z1~REF|LU|11~AMT|B6|103.5~CLP|3165-3051|19|267|174.19|44.44|MB|2815175674550|11|1~NM1|QC|1|GARNER|BOBBY||||HN|435769496A~NM1|82|1||||||XX|1962447805~NM1|TT|2|HCSC-BCBS OF TEXAS-STD A & B|||||PI|30028~MOA|||MA01|MA18~DTM|050|20150624~SVC|HC^99496|267|174.19||1~DTM|472|20150428~CAS|CO|45|44.82||253|3.55~CAS|PR|2|44.44~REF|6R|1482407960Z1~REF|LU|11~AMT|B6|222.18~CLP|403-3041|1|496|292.54|74.62|MB|2815175674570|11|1~NM1|QC|1|GOFF|YOLANDA||||HN|559256714A~NM1|82|1||||||XX|1962447805~MOA|||MA01~DTM|050|20150624~SVC|HC^99214^25|130|81.14||1~DTM|472|20150619~CAS|CO|45|26.5||253|1.66~CAS|PR|2|20.7~REF|6R|1482416476Z1~REF|LU|11~AMT|B6|103.5~SVC|HC^94760|4|0||||1~DTM|472|20150619~CAS|CO|50|4~REF|6R|1482416476Z2~REF|LU|11~LQ|HE|M25~LQ|HE|N115~SVC|HC^95923|252|145.06||1~DTM|472|20150619~CAS|CO|45|66.98||253|2.96~CAS|PR|2|37~REF|6R|1482416476Z3~REF|LU|11~AMT|B6|185.02~SVC|HC^95921|110|66.34||1~DTM|472|20150619~CAS|CO|45|25.39||253|1.35~CAS|PR|2|16.92~REF|6R|1482416476Z4~REF|LU|11~AMT|B6|84.61~CLP|368-2098|1|130|72.61|18.52|MB|2815175259980|11|1~NM1|QC|1|GRAY|LESLIE||||HN|467083719A~NM1|82|1||||||XX|1679978068~MOA|||MA01~DTM|050|20150624~SVC|HC^99214|130|72.61||1~DTM|472|20150127~CAS|CO|45|37.39||253|1.48~CAS|PR|2|18.52~REF|6R|1482184688Z1~REF|LU|11~AMT|B6|92.61~CLP|311-3044|19|174|109.4|27.91|MB|2815175674580|11|1~NM1|QC|1|HOLLAND|LEE||||HN|451767936A~NM1|82|1||||||XX|1962447805~NM1|TT|2|TX HEALTH & HUMAN SERVICES COMMI|||||PI|70051~MOA|||MA01|MA07~DTM|050|20150624~SVC|HC^99215|174|109.4||1~DTM|472|20150618~CAS|CO|45|34.46||253|2.23~CAS|PR|2|27.91~REF|6R|1482416478Z1~REF|LU|11~AMT|B6|139.54~CLP|352-3050|1|267|174.19|44.44|MB|2815175674620|11|1~NM1|QC|1|RAYMOND|JAMES||||HN|565788029A~NM1|82|1||||||XX|1962447805~MOA|||MA01|MA15~DTM|050|20150624~SVC|HC^99496^25|267|174.19||1~DTM|472|20150617~CAS|CO|45|44.82||253|3.55~CAS|PR|2|44.44~REF|6R|1482416483Z1~REF|LU|11~AMT|B6|222.18~CLP|343-2099|19|130|72.61|18.52|MB|2815175259990|11|1~NM1|QC|1|RITTER|RAYMOND||||HN|457404905A~NM1|82|1||||||XX|1679978068~NM1|TT|2|BCBS OF MICHIGAN|||||PI|00055~MOA|||MA01|MA18~DTM|050|20150624~SVC|HC^99214|130|72.61||1~DTM|472|20150127~CAS|CO|45|37.39||253|1.48~CAS|PR|2|18.52~REF|6R|1482184689Z1~REF|LU|11~AMT|B6|92.61~CLP|378-2288|19|130|72.61|18.52|MB|2815175260000|11|1~NM1|QC|1|SEGOVIA|CANDELARI||||HN|460962586A~NM1|82|1||||||XX|1679978068~NM1|TT|2|TX HEALTH & HUMAN SERVICES COMMI|||||PI|70051~MOA|||MA01|MA07~DTM|050|20150624~SVC|HC^99214|130|72.61||1~DTM|472|20150123~CAS|CO|45|37.39||253|1.48~CAS|PR|2|18.52~REF|6R|1482184690Z1~REF|LU|11~AMT|B6|92.61~CLP|3457-3048|1|496|292.54|74.62|MB|2815175674600|11|1~NM1|QC|1|STEVENSON|RANDY||||HN|457845417C2~NM1|82|1||||||XX|1962447805~MOA|||MA01~DTM|050|20150624~SVC|HC^99214^25|130|81.14||1~DTM|472|20150617~CAS|CO|45|26.5||253|1.66~CAS|PR|2|20.7~REF|6R|1482416481Z1~REF|LU|11~AMT|B6|103.5~SVC|HC^94760|4|0||||1~DTM|472|20150617~CAS|CO|97|4~REF|6R|1482416481Z2~REF|LU|11~LQ|HE|M80~SVC|HC^95923|252|145.06||1~DTM|472|20150617~CAS|CO|45|66.98||253|2.96~CAS|PR|2|37~REF|6R|1482416481Z3~REF|LU|11~AMT|B6|185.02~SVC|HC^95921|110|66.34||1~DTM|472|20150617~CAS|CO|45|25.39||253|1.35~CAS|PR|2|16.92~REF|6R|1482416481Z4~REF|LU|11~AMT|B6|84.61~SE|217|0002~GE|2|1106~IEA|1|000001111~