ISA|00|          |00|          |ZZ|ZIRMED         |ZZ|11             |151111|0713|U|00401|000001535|0|P|^~GS|HP|ZIRMED|FIS123456789|20151111|0713|1530|X|004010X091A1~ST|835|0001~BPR|I|46.73|C|ACH|CCP|01|092904554|DA|150097034071|1201494502||01|111000025|DA|488038453432|20151110~TRN|1|EFT2954175|1201494502~REF|EV|FIS123456789~REF|F2|TXMC QNXT~DTM|405|20151109~N1|PR|MOLINA HEALTHCARE OF TEXAS, INC~N3|2505 N. STATE HIGHWAY 360|STE 300~N4|GRAND PRAIRIE|TX|75050~N1|PE|DFW PRIMARY CARE PLLC|XX|1063835361~N3|2925 SKYWAY CICLE NORTH~N4|IRVING|TX|750383510~REF|TJ|464596718~LX|1~CLP|3915-4144|1|130|46.73||MC|15310900304~NM1|QC|1|KINNEY|KAREN|L|||MI|512372992~NM1|82|1|KETHA|SUMANA||||XX|1962447805~REF|CE|TQMBPL6979~DTM|232|20151103~DTM|233|20151103~DTM|050|20151106~AMT|AU|130~SVC|HC^99214|130|46.73||1~DTM|472|20151103~CAS|CO|45|83.27~REF|6R|1598027649Z1~AMT|B6|46.73~SE|28|0001~ST|835|0002~BPR|I|116.19|C|ACH|CCP|01|092904554|DA|150097034071|1201494502||01|111000025|DA|488038453432|20151110~TRN|1|EFT2956227|1201494502~REF|EV|FIS123456789~REF|F2|TXMC QNXT~DTM|405|20151109~N1|PR|MOLINA HEALTHCARE OF TEXAS, INC~N3|2505 N. STATE HIGHWAY 360|STE 300~N4|GRAND PRAIRIE|TX|75050~N1|PE|DFW PRIMARY CARE PLLC|XX|1063835361~N3|2925 SKYWAY CICLE NORTH~N4|IRVING|TX|750383510~REF|TJ|464596718~LX|1~CLP|6085-4046|1|135|116.19||HM|15310900310~NM1|QC|1|ARINWINE|VERA|L|||MI|500000028402~NM1|82|1|KETHA|SUMANA||||XX|1962447805~REF|CE|QMXBP8141~DTM|232|20151020~DTM|233|20151020~DTM|050|20151106~AMT|AU|135~SVC|HC^G0439|135|116.19||1~DTM|472|20151020~CAS|CO|131|2.37||45|16.44~REF|6R|1598046860Z1~AMT|B6|118.56~SE|28|0002~GE|2|1530~IEA|1|000001535~