ISA|00|          |00|          |ZZ|ZIRMED         |ZZ|11             |151028|1120|U|00401|000001483|0|P|^~GS|HP|ZIRMED|FIS123456789|20151028|1120|1478|X|004010X091A1~ST|835|0001~BPR|I|33.27|C|ACH|CCP|01|092904554|DA|150097034071|1201494502||01|111000025|DA|488038453432|20151027~TRN|1|EFT2917896|1201494502~REF|EV|FIS123456789~REF|F2|TXMC QNXT~DTM|405|20151026~N1|PR|MOLINA HEALTHCARE OF TEXAS, INC~N3|2505 N. STATE HIGHWAY 360|STE 300~N4|GRAND PRAIRIE|TX|75050~N1|PE|DFW PRIMARY CARE PLLC|XX|1063835361~N3|2925 SKYWAY CICLE NORTH~N4|IRVING|TX|750383510~REF|TJ|464596718~LX|1~CLP|2016-3962|1|92|33.27||MC|15295896897~NM1|QC|1|GILHART|JOHN|C|||MI|530427610~NM1|82|1|KETHA|SUMANA||||XX|1962447805~REF|CE|TQMBPL6979~DTM|232|20151012~DTM|233|20151012~DTM|050|20151022~AMT|AU|92~SVC|HC^99213^25|88|33.27||1~DTM|472|20151012~CAS|CO|45|54.73~REF|6R|1584231055Z1~AMT|B6|33.27~SVC|HC^94760|4|0||1~DTM|472|20151012~CAS|CO|97|4~REF|6R|1584231055Z2~SE|32|0001~GE|1|1478~IEA|1|000001483~