ISA|00|          |00|          |ZZ|ZIRMED         |29|E12705         |150619|0256|U|00401|000001061|0|P|^~GS|HP|ZIRMED|E12705|20150619|0256|1056|X|004010X091A1~ST|835|0001~BPR|I|233.77|C|ACH|CCP|01|081517693|DA|152302017594|1205296137||01|111000025|DA|488038453432|20150619~TRN|1|890409159|1205296137~REF|EV|E12705~DTM|405|20150618~N1|PR|NOVITAS SOLUTIONS, INC.~N3|PO BOX 3110~N4|MECHANICSBURG|PA|170551826~REF|2U|04412~PER|CX||TE|8552528782~N1|PE|DFW GERIATRICS PLLC|XX|1063835361~N3|2925 SKYWAY CIRCLE NORTH~N4|IRVING|TX|750383510~REF|TJ|464596718~LX|1~CLP|310-2949|19|61|40.42|10.31|MB|2815156253110|11|1~NM1|QC|1|REED|LATOSHA||||HN|454497150A~NM1|82|1||||||XX|1962447805~NM1|TT|2|TX HEALTH & HUMAN SERVICES COMMI|||||PI|70051~MOA|||MA01|MA07~DTM|050|20150605~SVC|HC^G0180|61|40.42||1~DTM|472|20150317~CAS|CO|45|9.44||253|.83~CAS|PR|2|10.31~REF|6R|1467324369Z1~REF|LU|11~AMT|B6|51.56~CLP|310-2953|19|124|81.13|20.7|MB|2815156253120|11|1~NM1|QC|1|REED|LATOSHA||||HN|454497150A~NM1|82|1||||||XX|1962447805~NM1|TT|2|TX HEALTH & HUMAN SERVICES COMMI|||||PI|70051~MOA|||MA01|MA07~DTM|050|20150605~SVC|HC^G0181|124|81.13||1~DTM|472|20150531~CAS|CO|45|20.51||253|1.66~CAS|PR|2|20.7~REF|6R|1467324593Z1~REF|LU|11~AMT|B6|103.49~CLP|310-2951|19|124|81.13|20.7|MB|2815156253130|11|1~NM1|QC|1|REED|LATOSHA||||HN|454497150A~NM1|82|1||||||XX|1962447805~NM1|TT|2|TX HEALTH & HUMAN SERVICES COMMI|||||PI|70051~MOA|||MA01|MA07~DTM|050|20150605~SVC|HC^G0181|124|81.13||1~DTM|472|20150430~CAS|CO|45|20.51||253|1.66~CAS|PR|2|20.7~REF|6R|1467324811Z1~REF|LU|11~AMT|B6|103.49~CLP|310-2952|19|47|31.09|7.93|MB|2815156253150|11|1~NM1|QC|1|REED|LATOSHA||||HN|454497150A~NM1|82|1||||||XX|1962447805~NM1|TT|2|TX HEALTH & HUMAN SERVICES COMMI|||||PI|70051~MOA|||MA01|MA07~DTM|050|20150605~SVC|HC^G0179|47|31.09||1~DTM|472|20150516~CAS|CO|45|7.35||253|.63~CAS|PR|2|7.93~REF|6R|1467325120Z1~REF|LU|11~AMT|B6|39.65~SE|68|0001~GE|1|1056~IEA|1|000001061~