ISA|00|          |00|          |ZZ|ZIRMED         |29|E12705         |150710|0429|U|00401|000001119|0|P|^~GS|HP|ZIRMED|E12705|20150710|0429|1114|X|004010X091A1~ST|835|0001~BPR|H|0|C|NON||||||||||||20150710~TRN|1|459446225|1205296137~REF|EV|E12705~DTM|405|20150709~N1|PR|NOVITAS SOLUTIONS, INC.~N3|PO BOX 3110~N4|MECHANICSBURG|PA|170551826~REF|2U|04412~PER|CX||TE|8552528782~N1|PE|DFW GERIATRICS PLLC|XX|1063835361~N3|2925 SKYWAY CIRCLE NORTH~N4|IRVING|TX|750383510~REF|TJ|464596718~LX|1~CLP|249-905|4|123|0||MB|2815189204750|21|1~NM1|QC|1|RITA|GERMAN|L|||HN|643363800M~NM1|82|1||||||XX|1962447805~MOA|||MA130|MA61~DTM|050|20150708~SVC|HC^99239|123|0||||1~DTM|472|20140825~CAS|CO|140|123~REF|6R|1493873609Z1~REF|LU|21~LQ|HE|MA130~LQ|HE|MA61~CLP|226-2547|1|79|0||MB|2915187373060|33|1~NM1|QC|1|HOUSE|MELVIN||||HN|271329525A~NM1|82|1||||||XX|1962447805~MOA|||MA01~DTM|050|20150706~SVC|HC^99308|79|0||||1~DTM|472|20150121~CAS|CO|58|79~REF|6R|1491539154Z1~REF|LU|33~CLP|9-846|1|109|0||MB|2815189204870|33|1~NM1|QC|1|KISER|BEN||||HN|456687960M~NM1|82|1||||||XX|1962447805~MOA|||MA01~DTM|050|20150708~SVC|HC^99335^GW|109|0||||1~DTM|472|20140804~CAS|OA|18|109~REF|6R|1494054766Z1~REF|LU|33~LQ|HE|N522~CLP|277-1186|4|189|0||MB|2815189204790|21|1~NM1|QC|1|IDALIAH|TURNEY|J|||HN|434307148A~NM1|82|1||||||XX|1962447805~MOA|||MA130|MA61~DTM|050|20150708~SVC|HC^99232^25|83|0||||1~DTM|472|20141012~CAS|CO|140|83~REF|6R|1493912385Z1~REF|LU|21~LQ|HE|MA130~LQ|HE|MA61~SVC|HC^99356|106|0||||1~DTM|472|20141012~CAS|CO|140|106~REF|6R|1493912385Z2~REF|LU|21~LQ|HE|MA130~LQ|HE|MA61~CLP|277-1184|4|158|0||MB|2815189204800|21|1~NM1|QC|1|IDALIAH|TURNEY|J|||HN|434307148A~NM1|82|1||||||XX|1962447805~MOA|||MA130|MA61~DTM|050|20150708~SVC|HC^99222|158|0||||1~DTM|472|20141010~CAS|CO|140|158~REF|6R|1493914602Z1~REF|LU|21~LQ|HE|MA130~LQ|HE|MA61~SE|80|0001~ST|835|0002~BPR|I|153.75|C|ACH|CCP|01|081517693|DA|152302017594|1205296137||01|111000025|DA|488038453432|20150710~TRN|1|890536554|1205296137~REF|EV|E12705~DTM|405|20150709~N1|PR|NOVITAS SOLUTIONS, INC.~N3|PO BOX 3110~N4|MECHANICSBURG|PA|170551826~REF|2U|04412~PER|CX||TE|8552528782~N1|PE|DFW GERIATRICS PLLC|XX|1063835361~N3|2925 SKYWAY CIRCLE NORTH~N4|IRVING|TX|750383510~REF|TJ|464596718~LX|1~CLP|408-2568|19|130|72.61|18.52|MB|2815177808740|11|1~NM1|QC|1|JOHNSON|LINDA||||HN|467634822M~NM1|82|1||||||XX|1679978068~NM1|TT|2|TX HEALTH & HUMAN SERVICES COMMI|||||PI|70051~MOA|||MA01|MA07~DTM|050|20150626~SVC|HC^99214|130|72.61||1~DTM|472|20150209~CAS|CO|45|37.39||253|1.48~CAS|PR|2|18.52~REF|6R|1484574115Z1~REF|LU|11~AMT|B6|92.61~CLP|723-2773|19|130|81.14|20.7|MB|2815177808760|11|1~NM1|QC|1|ROBINSON|TINA||||HN|455337298A~NM1|82|1||||||XX|1962447805~NM1|TT|2|TX HEALTH & HUMAN SERVICES COMMI|||||PI|70051~MOA|||MA01|MA07~DTM|050|20150626~SVC|HC^99214|130|81.14||1~DTM|472|20150210~CAS|CO|45|26.5||253|1.66~CAS|PR|2|20.7~REF|6R|1484580267Z1~REF|LU|11~AMT|B6|103.5~SE|42|0002~GE|2|1114~IEA|1|000001119~