ISA|00|          |00|          |ZZ|ZIRMED         |29|E12705         |151008|0341|U|00401|000001430|0|P|^~GS|HP|ZIRMED|E12705|20151008|0341|1425|X|004010X091A1~ST|835|0001~BPR|H|0|C|NON||||||||||||20151008~TRN|1|459844369|1205296137~REF|EV|E12705~DTM|405|20151007~N1|PR|NOVITAS SOLUTIONS, INC.~N3|PO BOX 3110~N4|MECHANICSBURG|PA|170551826~REF|2U|04412~PER|CX||TE|8552528782~N1|PE|DFW GERIATRICS PLLC|XX|1063835361~N3|2925 SKYWAY CIRCLE NORTH~N4|IRVING|TX|750383510~REF|TJ|464596718~LX|1~CLP|6036-3691|1|4|0||MB|2815279143612|11|1~NM1|QC|1|VANDERPOL|BALVINA|O|||HN|341120251D~NM1|82|1||||||XX|1962447805~MOA|||MA130|MA15~DTM|050|20151006~SVC|HC^94760|4|0||||1~DTM|472|20150702~CAS|CO|16|4~REF|6R|1570967469Z2~REF|LU|11~LQ|HE|MA130~LQ|HE|N265~LQ|HE|N276~LQ|HE|N286~CLP|6036-3528|1|4|0||MB|2815279143632|11|1~NM1|QC|1|VANDERPOL|BALVINA|O|||HN|341120251D~NM1|82|1||||||XX|1962447805~MOA|||MA130|MA15~DTM|050|20151006~SVC|HC^94760|4|0||||1~DTM|472|20150730~CAS|CO|16|4~REF|6R|1570967471Z2~REF|LU|11~LQ|HE|MA130~LQ|HE|N265~LQ|HE|N276~LQ|HE|N286~SE|44|0001~ST|835|0002~BPR|I|514.39|C|ACH|CCP|01|081517693|DA|152302017594|1205296137||01|111000025|DA|488038453432|20151008~TRN|1|891210624|1205296137~REF|EV|E12705~DTM|405|20151007~N1|PR|NOVITAS SOLUTIONS, INC.~N3|PO BOX 3110~N4|MECHANICSBURG|PA|170551826~REF|2U|04412~PER|CX||TE|8552528782~N1|PE|DFW GERIATRICS PLLC|XX|1063835361~N3|2925 SKYWAY CIRCLE NORTH~N4|IRVING|TX|750383510~REF|TJ|464596718~LX|1~CLP|6038-3457|1|149|116.82|29.8|MB|2815267199560|11|1~NM1|QC|1|HEIDLEBERG|LINDA||||HN|458527091A~NM1|82|1||||||XX|1679978068~MOA|||MA01~DTM|050|20150924~SVC|HC^99205|149|116.82||1~DTM|472|20150422~CAS|CO|253|2.38~CAS|PR|2|29.8~REF|6R|1561517375Z1~REF|LU|11~AMT|B6|149~CLP|311-3893|19|130|72.97|18.61|MB|2815267820280|11|1~NM1|QC|1|HOLLAND|LEE||||HN|451767936A~NM1|82|1||||||XX|1679978068~NM1|TT|2|TX HEALTH & HUMAN SERVICES COMMI|||||PI|70051~MOA|||MA01|MA07~DTM|050|20150924~SVC|HC^99214|130|72.97||1~DTM|472|20150824~CAS|CO|45|36.93||253|1.49~CAS|PR|2|18.61~REF|6R|1561819903Z1~REF|LU|11~AMT|B6|93.07~CLP|6047-3701|19|289|75.17|19.18|MB|2815267199790|11|1~NM1|QC|1|MARTINEZ|CAROLYN||||HN|450966097A~NM1|82|1||||||XX|1962447805~NM1|TT|2|TX HEALTH & HUMAN SERVICES COMMI|||||PI|70051~MOA|||MA01|MA07~DTM|050|20150924~SVC|HC^99215^25|174|0||||1~DTM|472|20150625~CAS|OA|18|174~REF|6R|1561561925Z1~REF|LU|11~LQ|HE|N522~SVC|HC^99354|115|75.17||1~DTM|472|20150625~CAS|CO|45|19.12||253|1.53~CAS|PR|2|19.18~REF|6R|1561561925Z2~REF|LU|11~AMT|B6|95.88~CLP|612-3894|1|130|72.97|18.61|MB|2815267820290|11|1~NM1|QC|1|MOODY|LONNIE||||HN|462026222A~NM1|82|1||||||XX|1679978068~MOA|||MA01~DTM|050|20150924~SVC|HC^99214|130|72.97||1~DTM|472|20150824~CAS|CO|45|36.93||253|1.49~CAS|PR|2|18.61~REF|6R|1561819905Z1~REF|LU|11~AMT|B6|93.07~CLP|382-3897|1|130|72.97|18.61|MB|2815267820300|11|1~NM1|QC|1|TODD|LANA||||HN|449755855A~NM1|82|1||||||XX|1679978068~MOA|||MA01~DTM|050|20150924~SVC|HC^99214|130|72.97||1~DTM|472|20150824~CAS|CO|45|36.93||253|1.49~CAS|PR|2|18.61~REF|6R|1561819910Z1~REF|LU|11~AMT|B6|93.07~CLP|277-1184|1|158|103.49|26.4|MB|2815267199640|21|1~NM1|QC|1|TURNEY|IDALIAH||||HN|434307148A~NM1|82|1||||||XX|1962447805~MOA|||MA01~DTM|050|20150924~SVC|HC^99222|158|103.49||1~DTM|472|20141010~CAS|CO|45|26||253|2.11~CAS|PR|2|26.4~REF|6R|1561553278Z1~REF|LU|21~AMT|B6|132~SE|96|0002~GE|2|1425~IEA|1|000001430~