ISA|00|          |00|          |ZZ|ZIRMED         |ZZ|146173421      |151002|1353|U|00401|000001422|0|P|^~GS|HP|ZIRMED|146173421|20151002|1353|1417|X|004010X091A1~ST|835|0001~BPR|I|41.76|C|ACH|CCP|01|021000021|DA|05586085|1999746608|999999999|01|111000025|DA|488038453432|20151001~TRN|1|045023609|1999746608|999999999~REF|F2|0001~DTM|405|20150925~N1|PR|TEXAS MEDICAID/HEALTHCARE SERVICES~N3|12365A RIATA TRACE PARKWAY~N4|AUSTIN|TX|787276524~N1|PE|DFW GERIATRICS PLLC|XX|1063835361~N3|2925 SKYWAY CIR N~N4|IRVING|TX|75038~REF|PQ|193200000X~REF|TJ|464596718~LX|1~CLP|408-3776|1|130|0||MC|200030030201526874637494|11||||0|0~NM1|QC|1|JOHNSON|LINDA|T|||MI|501964521~DTM|232|20150626~DTM|233|20150626~PER|CX|MEDI|TE|5127941234~AMT|AU|46.73~SVC|HC^99214|130|0||1~DTM|472|20150626~CAS|CO|22|130|0~REF|6R|1547810384Z1~REF|HPI|1962447805~AMT|B6|46.73~LQ|HE|N192~LX|2~CLP|377-3766|1|130|0||MC|100030030201526874635413|11||||0|0~NM1|QC|1|BROOKS|WALTER||||MI|528539751~DTM|232|20150626~DTM|233|20150626~PER|CX|MEDI|TE|5127941234~AMT|AU|46.73~SVC|HC^99214^25|130|0||1~DTM|472|20150626~CAS|CO|22|130|0~REF|6R|1547810365Z1~REF|HPI|1962447805~AMT|B6|46.73~LQ|HE|N192~LX|3~CLP|6047-3785|1|492|41.76||MC|200030030201526874629878|11||||0|0~NM1|QC|1|MARTINEZ|CAROLYN|J|||MI|528136641~DTM|232|20150609~DTM|233|20150609~PER|CX|MEDI|TE|5127941234~AMT|AU|324.46~SVC|HC^99214|130|0||1~DTM|472|20150609~CAS|CO|22|130|0~REF|6R|1547806235Z1~REF|HPI|1962447805~AMT|B6|46.73~LQ|HE|N192~SVC|HC^95923|252|37||1~DTM|472|20150609~CAS|CO|45|45.37|0~CAS|OA|23|169.63|0~REF|6R|1547806235Z3~REF|HPI|1962447805~AMT|B6|206.63~LQ|HE|N381~SVC|HC^95921|110|4.76||1~DTM|472|20150609~CAS|CO|45|38.9|0~CAS|OA|23|66.34|0~REF|6R|1547806235Z4~REF|HPI|1962447805~AMT|B6|71.1~LQ|HE|N381~SE|72|0001~GE|1|1417~IEA|1|000001422~