ISA|00|          |00|          |ZZ|ZIRMED         |ZZ|611358935      |150522|1136|U|00401|000000974|0|P|^~GS|HP|ZIRMED|611358935|20150522|1136|969|X|004010X091A1~ST|835|0001~BPR|H|0|C|NON||||||||||||20150522~TRN|1|8221513597499 20150518 0037501|1591031071|62308~REF|EV|133052274~REF|F2|1~DTM|405|20150522~N1|PR|CIGNA HEALTH AND LIFE INSURANCE COMPANY~N3|P. O. BOX 182223~N4|CHATTANOOGA|TN|374227223~REF|2U|62308~N1|PE|DFW GERIATRICS PLLC|XX|1063835361~N3|2925 SKYWAY N CIR~N4|IRVING|TX|750383510~REF|TJ|464596718~LX|1~TS3|1063835361|11|20151231|1|130~CLP|433-2841|1|130|0|116.02|13|8221513597499|11|1~NM1|QC|1|VALDIVIEZ|LETICIA||||MI|U5124037901~NM1|82|1|KETHA|SUMANA|D|||XX|1962447805~REF|1L|3337318~REF|CE|OPEN ACCESS PLUS~DTM|050|20150515~DTM|232|20150427~DTM|233|20150427~PER|CX|MEMBER SERVICES|TE|8002446224~AMT|AU|116.02~SVC|HC^99214|130|0||||1~CAS|CO|45|13.98~CAS|PR|1|116.02~REF|6R|1449537574Z1~AMT|B6|116.02~SE|32|0001~GE|1|969~IEA|1|000000974~