ISA|00|          |00|          |ZZ|ZIRMED         |ZZ|GATE0084       |151222|1558|U|00401|000001620|1|P|^~GS|HP|ZIRMED|GATE0084|20151222|1558|1615|X|004010X091A1~ST|835|0001~BPR|I|51.33|C|ACH|CCP|01|124384877|DA|1470858534|1411289245|000087726|01|111000025|DA|488038453432|20151223~TRN|1|1QG83504596|1411289245|000087726~DTM|405|20151218~N1|PR|UNITED HEALTHCARE INSURANCE COMPANY|XV|87726~N3|9900 BREN ROAD~N4|MINNETONKA|MN|553430000~REF|2U|87726~PER|CX|ATLANTA SERVICE CENTER|TE|8778423210~N1|PE|DFW GERIATRICS PLLC|XX|1063835361~N3|2925 SKYWAY CIR N~N4|IRVING|TX|750383510~REF|TJ|464596718~LX|1~TS3|1063835361|11|20151231|5|485~CLP|6128-3942|1|204|0|179.94|14|5745998278 0050545967|11|1~NM1|QC|1|ALEJANDRO|MARIA~NM1|IL|1|ALEJANDRO|MARIA||||MI|517149732~NM1|74|1|||D|||C|924674279~NM1|82|1|KETHA|SUMANA||||XX|1962447805~MOA|||MA15~REF|1L|730292~REF|CE|CHOYC~DTM|050|20151216~DTM|232|20151002~AMT|AU|200~SVC|HC^99204^25|200|0||1~DTM|472|20151002~CAS|CO|45|20.06~CAS|PR|1|179.94~REF|6R|1635943078Z1~AMT|B6|179.94~SVC|HC^94760|4|0||1~DTM|472|20151002~CAS|CO|234|4~REF|6R|1635943078Z5~LQ|HE|M80~CLP|6128-3942|1|56|51.33||14|5745998278 0050545972|11|1~NM1|QC|1|ALEJANDRO|MARIA~NM1|IL|1|ALEJANDRO|MARIA||||MI|517149732~NM1|74|1|||D|||C|924674279~NM1|82|1|KETHA|SUMANA||||XX|1962447805~MOA|||MA15~REF|CE|CHOYC~REF|1L|730292~DTM|050|20151216~DTM|232|20151002~AMT|AU|56~SVC|HC^90654|23|22.33||1~DTM|472|20151002~CAS|CO|45|.67~REF|6R|1635943078Z2~AMT|B6|22.33~SVC|HC^90471|33|29||1~DTM|472|20151002~CAS|CO|45|4~REF|6R|1635943078Z3~AMT|B6|29~CLP|6128-3942|1|29|0|29|14|5745998278 0050545976|11|1~NM1|QC|1|ALEJANDRO|MARIA~NM1|IL|1|ALEJANDRO|MARIA||||MI|517149732~NM1|74|1|||D|||C|924674279~NM1|82|1|KETHA|SUMANA||||XX|1962447805~MOA|||MA15~REF|CE|CHOYC~REF|1L|730292~DTM|050|20151216~DTM|232|20151002~AMT|AU|29~SVC|HC^96372|29|0||1~DTM|472|20151002~CAS|PR|1|29~REF|6R|1635943078Z4~AMT|B6|29~CLP|6128-3942|1|22|0||14|5745998278 0050545980|11|1~NM1|QC|1|ALEJANDRO|MARIA~NM1|IL|1|ALEJANDRO|MARIA||||MI|517149732~NM1|74|1|||D|||C|924674279~NM1|82|1|KETHA|SUMANA||||XX|1962447805~MOA|||MA15~REF|CE|CHOYC~REF|1L|730292~DTM|050|20151216~DTM|232|20151002~SVC|HC^G0444|22|0||1~DTM|472|20151002~CAS|CO|234|22~REF|6R|1635943078Z6~LQ|HE|M80~CLP|6145-4239|1|174|0|156.68|13|5745441317 0009306018|11|1~NM1|QC|1|UDDIN|YASIR~NM1|IL|1|UDDIN|YASIR||||MI|930797238~NM1|82|1|KETHA|SUMANA||||XX|1962447805~REF|CE|CHOYC+~REF|1L|717730~DTM|050|20151216~DTM|232|20151109~AMT|AU|174~SVC|HC^99215|174|0||1~DTM|472|20151109~CAS|CO|45|17.32~CAS|PR|1|156.68~REF|6R|1635738202Z1~AMT|B6|156.68~SE|105|0001~GE|1|1615~IEA|1|000001620~