ISA|00|          |00|          |ZZ|ZIRMED         |ZZ|611358935      |150913|1424|U|00401|000001354|0|P|^~GS|HP|ZIRMED|611358935|20150913|1424|1349|X|004010X091A1~ST|835|0001~BPR|H|0|C|NON||||||||||||20150913~TRN|1|150913190175022|1591031071|62308~REF|EV|133052274~REF|F2|1~DTM|405|20150913~N1|PR|CIGNA HEALTH AND LIFE INSURANCE COMPANY~N3|P. O. BOX 182223~N4|CHATTANOOGA|TN|374227223~REF|2U|62308~N1|PE|DFW GERIATRICS PLLC|XX|1063835361~N3|2925 SKYWAY N CIR~N4|IRVING|TX|750383510~REF|TJ|464596718~LX|1~TS3|1063835361|11|20151231|1|88~CLP|664-3767|19|88|0|78.23|13|9221525397105|11|1~NM1|QC|1|KOTTURI|SRINIVASARAO||||MI|U4098594601~NM1|74|1|KOTTURI|SRINIVAS||||C|U4098594601~NM1|82|1|KETHA|SUMANA|D|||XX|1962447805~NM1|TT|2|CIGNA CHOICE FUND|||||PI|CIGNA CHOICE FUND~REF|1L|3216892~REF|CE|OPEN ACCESS PLUS~DTM|050|20150910~DTM|232|20150626~DTM|233|20150626~PER|CX|MEMBER SERVICES|TE|8002446224~AMT|AU|78.23~SVC|HC^99213|88|0||||1~CAS|CO|45|9.77~CAS|PR|1|78.23~REF|6R|1547810368Z1~AMT|B6|78.23~SE|34|0001~GE|1|1349~IEA|1|000001354~