ISA|00|          |00|          |ZZ|ZIRMED         |ZZ|611358935      |150909|2104|U|00401|000001319|0|P|^~GS|HP|ZIRMED|611358935|20150909|2104|1314|X|004010X091A1~ST|835|0001~BPR|I|159.56|C|ACH|CCP|01|002003119|DA|0040008488|1591031071||01|111000025|DA|488038453432|20150910~TRN|1|150905090030447|1591031071|62308~REF|EV|133052274~REF|F2|1~DTM|405|20150906~N1|PR|CIGNA HEALTH AND LIFE INSURANCE COMPANY~N3|P.O. BOX 182223~N4|CHATTANOOGA|TN|374227223~REF|2U|62308~N1|PE|DFW GERIATRICS PLLC|XX|1063835361~N3|2925 SKYWAY N CIR~N4|IRVING|TX|750383510~REF|TJ|464596718~LX|1~TS3|1063835361|11|20151231|1|200~CLP|6083-3493|1|200|159.56|20|13|9681524617262|11|1~NM1|QC|1|RAJPUT|PRAGYA||||MI|U4354250502~NM1|IL|1|RAJPUT|PRAGYA||||MI|U4354250501~NM1|82|1|KETHA|SUMANA|D|||XX|1962447805~REF|1L|3206224~REF|CE|OPEN ACCESS PLUS~DTM|050|20150903~DTM|232|20150720~DTM|233|20150720~PER|CX|MEMBER SERVICES|TE|8002446224~AMT|AU|179.56~AMT|F5|20~SVC|HC^99204|200|159.56||1~CAS|CO|45|20.44~CAS|PR|3|20~REF|6R|1543317298Z1~AMT|B6|179.56~SE|34|0001~GE|1|1314~IEA|1|000001319~