ISA|00|          |00|          |ZZ|ZIRMED         |ZZ|611358935      |151025|0411|U|00401|000001472|0|P|^~GS|HP|ZIRMED|611358935|20151025|0411|1467|X|004010X091A1~ST|835|0001~BPR|I|64.12|C|CHK||||||||||||20151023~TRN|1|731640655|1591031071|62308~REF|EV|133052274~REF|F2|GWFC~DTM|405|20151023~N1|PR|GREATWESTHEALTHCARE-CIGNA~N3|8505 E. ORCHARD RD~N4|GREENWOOD VILLAGE|CO|80111~REF|2U|62308~PER|CX|GWHCEDIPROD|EM|EDIESCALATEDREQUESTS@CIGNA.COM|TE|8008103388~N1|PE|SUMANA D. KETHA|XX|1063835361~N3|2925 SKYWAY CIR N|STE B~N4|IRVING|TX|750383510~REF|PQ|200014846074~REF|TJ|464596718~LX|1~TS3|1063835361|11|20151231|1|215~CLP|5799-3940|1|215|64.12|5.56|15|151026814600|11~NM1|QC|1|ENGLE|NENITA||||MI|1021238380~NM1|82|1|KETHA|SUMANA||||XX|1962447805~REF|1L|00357478~DTM|050|20151022~DTM|232|20151005~DTM|233|20151005~AMT|AU|69.68~SVC|HC^99214|130|0||1~CAS|CO|236|130~REF|6R|1584231422Z1~SVC|HC^90654|23|18.73||1~CAS|CO|45|4.27~REF|6R|1584231422Z2~AMT|B6|18.73~SVC|HC^90471|33|23.16||1~CAS|CO|45|9.84~REF|6R|1584231422Z3~AMT|B6|23.16~SVC|HC^96372|29|22.23||1~CAS|CO|45|1.21~CAS|PR|2|5.56~REF|6R|1584231422Z4~AMT|B6|27.79~SE|43|0001~GE|1|1467~IEA|1|000001472~