ISA|00|          |00|          |ZZ|ZIRMED         |ZZ|PAYER          |150903|0951|U|00401|000001299|0|P|^~GS|HP|ZIRMED|PROVIDERHIS|20150903|0951|1294|X|004010X091A1~ST|835|0001~BPR|I|51.4|C|ACH|CCP|01|071000505|DA|5800366444|1742770542||01|111000025|DA|488038453432|20150903~TRN|1|0901494287|1742770542~REF|EV|999999999999999~DTM|405|20150903~N1|PR|SUPERIOR HEALTH PLAN~N3|6070 GATEWAY EAST|SUITE 400~N4|EL PASO|TX|79905~N1|PE|DFW GERIATRICS PLLC|XX|1063835361~N3|2925 SKWY CIR N~N4|IRVING|TX|75038~REF|TJ|464596718~LX|1~CLP|6046-3697|1|130|51.4||HM|O244TXE36859|11|E~NM1|QC|1|CHAVEZ|CATHERINE||||MR|506194931~NM1|IL|1|CHAVEZ|CATHERINE||||MI|00251050401~NM1|82|1|KETHA|SUMANA||||XX|1962447805~REF|EA|000000027842~REF|G2|168813~SVC|HC^99214|130|51.4||1~DTM|472|20150625~CAS|CO|45|78.6~REF|6R|1541958470Z1~REF|HPI|1962447805~AMT|B6|51.4~SE|26|0001~GE|1|1294~IEA|1|000001299~