ISA|00|          |00|          |ZZ|ZIRMED         |30|611340767      |150106|0613|U|00401|000000428|0|P|^~GS|HP|ZIRMED|611340767|20150106|0613|423|X|004010X091A1~ST|835|0001~BPR|I|48.75|C|ACH|CCP|01|011900445|DA|0000009046|1066033492||01|111000025|DA|488038453432|20150109~TRN|1|815005540002607|1066033492~REF|EV|611340767~DTM|405|20150106~N1|PR|AETNA~N3|151 FARMINGTON AVENUE~N4|HARTFORD|CT|06156~N1|PE|KETHA, SUMANA|XX|1063835361~N3|2925 SKYWAY CIR N~N4|IRVING|TX|750383510~REF|PQ|762610840~REF|TJ|464596718~LX|1~TS3|1063835361|11|20151231|3|312~CLP|214-195|2|104|13.93|3.48|15|EPFBKJXPX0000|31|1~NM1|QC|1|MILLER JR|WILLIAM|C|||MI|458344463A~NM1|74|1|MILLER||||JR|C|W081488962~NM1|82|1|KETHA|SUMANA||||XX|1063835361~REF|1L|0701224-015-00714-NB~REF|CE|TRADITIONAL CHOICE~DTM|232|20140825~DTM|233|20140825~DTM|050|20141223~PER|CX||TE|8886323862~AMT|AU|104~SVC|HC^99309|104|13.93||1~DTM|472|20140825~CAS|OA|23|86.59~CAS|PR|2|3.48~REF|6R|1311704850Z1~AMT|B6|85.66~LQ|HE|N192~CLP|113-196|2|104|17.41||15|EQABKJXRX0000|31|1~NM1|QC|1|MOORE|ERNEST|A|||MI|563407942A~NM1|74|1||LYNN||||C|W071287231~NM1|82|1|KETHA|SUMANA||||XX|1063835361~REF|1L|0895980-030-00100-CI~REF|CE|TRADITIONAL CHOICE~DTM|232|20140825~DTM|233|20140825~DTM|050|20141223~PER|CX||TE|8886323862~AMT|AU|104~SVC|HC^99309|104|17.41||1~DTM|472|20140825~CAS|OA|23|86.59~REF|6R|1311704851Z1~AMT|B6|85.66~LQ|HE|N192~CLP|113-211|2|104|17.41||15|EQJLKJXW10000|32|1~NM1|QC|1|MOORE|ERNEST|A|||MI|563407942A~NM1|74|1||LYNN||||C|W071287231~NM1|82|1|KETHA|SUMANA||||XX|1063835361~REF|1L|0895980-030-00100-CI~REF|CE|TRADITIONAL CHOICE~DTM|232|20140710~DTM|233|20140710~DTM|050|20141223~PER|CX||TE|8886323862~AMT|AU|104~SVC|HC^99309|104|17.41||1~DTM|472|20140710~CAS|OA|23|86.59~REF|6R|1311706474Z1~AMT|B6|85.66~LQ|HE|N192~SE|68|0001~ST|835|0002~BPR|I|17.41|C|ACH|CCP|01|031100209|DA|0000009108|1066033492||01|111000025|DA|488038453432|20150109~TRN|1|815005520002932|1066033492~REF|EV|611340767~DTM|405|20150106~N1|PR|AETNA~N3|151 FARMINGTON AVENUE~N4|HARTFORD|CT|06156~N1|PE|KETHA, SUMANA|XX|1063835361~N3|2925 SKYWAY CIR N~N4|IRVING|TX|750383510~REF|PQ|762610840~REF|TJ|464596718~LX|1~TS3|1063835361|32|20151231|1|104~CLP|54-223|2|104|17.41||15|EPABKJCCF0000|32|1~CAS|OA|23|68.25~CAS|PR|2|-17.13~NM1|QC|1|TYLER|MARY|L|||MI|454260356A~NM1|74|1||||||C|W161972955~NM1|82|1|KETHA|SUMANA||||XX|1063835361~REF|1L|0820363-053-00001-BR~REF|CE|TRADITIONAL CHOICE~DTM|232|20140903~DTM|233|20140903~DTM|050|20141223~PER|CX||TE|8886323862~AMT|AU|104~SVC|HC^99309|104|68.53||1~DTM|472|20140903~CAS|OA|23|18.34~CAS|PR|2|17.13~REF|6R|1311706906Z1~AMT|B6|85.66~SE|35|0002~GE|2|423~IEA|1|000000428~