ISA|00|          |00|          |ZZ|ZIRMED         |29|E12705         |150904|0306|U|00401|000001302|0|P|^~GS|HP|ZIRMED|E12705|20150904|0306|1297|X|004010X091A1~ST|835|0001~BPR|I|2143.03|C|ACH|CCP|01|081517693|DA|152302017594|1205296137||01|111000025|DA|488038453432|20150904~TRN|1|890909764|1205296137~REF|EV|E12705~DTM|405|20150903~N1|PR|NOVITAS SOLUTIONS, INC.~N3|PO BOX 3110~N4|MECHANICSBURG|PA|170551826~REF|2U|04412~PER|CX||TE|8552528782~N1|PE|DFW GERIATRICS PLLC|XX|1063835361~N3|2925 SKYWAY CIRCLE NORTH~N4|IRVING|TX|750383510~REF|TJ|464596718~LX|1~CLP|342-3570|19|130|72.97|18.61|MB|2815233722530|11|1~NM1|QC|1|ALLEN|THOMAS||||HN|453825428A~NM1|82|1||||||XX|1679978068~NM1|TT|2|TX HEALTH & HUMAN SERVICES COMMI|||||PI|70051~MOA|||MA01|MA07~DTM|050|20150821~SVC|HC^99214|130|72.97||1~DTM|472|20150810~CAS|CO|45|36.93||253|1.49~CAS|PR|2|18.61~REF|6R|1533470398Z1~REF|LU|11~AMT|B6|93.07~CLP|316-3623|1|496|294|75|MB|2915233104520|11|1~NM1|QC|1|DAVIS|MARY||||HN|414174432A~NM1|82|1||||||XX|1962447805~MOA|||MA01~DTM|050|20150821~SVC|HC^99214^25|130|81.56||1~DTM|472|20150703~CAS|CO|45|25.98||253|1.66~CAS|PR|2|20.8~REF|6R|1533639474Z1~REF|LU|11~AMT|B6|104.02~SVC|HC^94760|4|0||||1~DTM|472|20150703~CAS|CO|50|4~REF|6R|1533639474Z2~REF|LU|11~LQ|HE|M25~LQ|HE|N115~SVC|HC^95923|252|145.78||1~DTM|472|20150703~CAS|CO|45|66.05||253|2.98~CAS|PR|2|37.19~REF|6R|1533639474Z3~REF|LU|11~AMT|B6|185.95~SVC|HC^95921|110|66.66||1~DTM|472|20150703~CAS|CO|45|24.97||253|1.36~CAS|PR|2|17.01~REF|6R|1533639474Z4~REF|LU|11~AMT|B6|85.03~CLP|313-3639|19|492|294|75|MB|2815233722610|11|1~NM1|QC|1|FRICK|TERRY||||HN|467375415A~NM1|82|1||||||XX|1962447805~NM1|TT|2|ARKANSAS MEDICAID PROGRAM|||||PI|70017~MOA|||MA01|MA07~DTM|050|20150821~SVC|HC^99214^25|130|81.56||1~DTM|472|20150814~CAS|CO|45|25.98||253|1.66~CAS|PR|2|20.8~REF|6R|1533470438Z1~REF|LU|11~AMT|B6|104.02~SVC|HC^95923|252|145.78||1~DTM|472|20150814~CAS|CO|45|66.05||253|2.98~CAS|PR|2|37.19~REF|6R|1533470438Z2~REF|LU|11~AMT|B6|185.95~SVC|HC^95921|110|66.66||1~DTM|472|20150814~CAS|CO|45|24.97||253|1.36~CAS|PR|2|17.01~REF|6R|1533470438Z3~REF|LU|11~AMT|B6|85.03~CLP|311-3604|19|514|304.73|77.74|MB|2915233104510|11|1~NM1|QC|1|HOLLAND|LEE||||HN|451767936A~NM1|82|1||||||XX|1962447805~NM1|TT|2|TX HEALTH & HUMAN SERVICES COMMI|||||PI|70051~MOA|||MA01|MA07~DTM|050|20150821~SVC|HC^99214^25|130|81.56||1~DTM|472|20150710~CAS|CO|45|25.98||253|1.66~CAS|PR|2|20.8~REF|6R|1533639470Z1~REF|LU|11~AMT|B6|104.02~SVC|HC^99406|18|10.73||1~DTM|472|20150710~CAS|CO|45|4.31||253|.22~CAS|PR|2|2.74~REF|6R|1533639470Z2~REF|LU|11~AMT|B6|13.69~SVC|HC^94760|4|0||||1~DTM|472|20150710~CAS|CO|97|4~REF|6R|1533639470Z3~REF|LU|11~LQ|HE|M80~SVC|HC^95923|252|145.78||1~DTM|472|20150710~CAS|CO|45|66.05||253|2.98~CAS|PR|2|37.19~REF|6R|1533639470Z4~REF|LU|11~AMT|B6|185.95~SVC|HC^95921|110|66.66||1~DTM|472|20150710~CAS|CO|45|24.97||253|1.36~CAS|PR|2|17.01~REF|6R|1533639470Z5~REF|LU|11~AMT|B6|85.03~CLP|6047-3633|19|130|81.56|20.8|MB|2815233722600|11|1~NM1|QC|1|MARTINEZ|CAROLYN||||HN|450966097A~NM1|82|1||||||XX|1962447805~NM1|TT|2|TX HEALTH & HUMAN SERVICES COMMI|||||PI|70051~MOA|||MA01|MA07~DTM|050|20150821~SVC|HC^99214|130|81.56||1~DTM|472|20150817~CAS|CO|45|25.98||253|1.66~CAS|PR|2|20.8~REF|6R|1533470425Z1~REF|LU|11~AMT|B6|104.02~CLP|307-3637|19|496|294|75|MB|2815233722630|11|1~NM1|QC|1|NEAL|CHESTER||||HN|441625131A~NM1|82|1||||||XX|1962447805~NM1|TT|2|TX HEALTH & HUMAN SERVICES COMMI|||||PI|70051~MOA|||MA01|MA15|MA07~DTM|050|20150821~SVC|HC^99214^25|130|81.56||1~DTM|472|20150818~CAS|CO|45|25.98||253|1.66~CAS|PR|2|20.8~REF|6R|1533626315Z1~REF|LU|11~AMT|B6|104.02~SVC|HC^95923|252|145.78||1~DTM|472|20150818~CAS|CO|45|66.05||253|2.98~CAS|PR|2|37.19~REF|6R|1533626315Z3~REF|LU|11~AMT|B6|185.95~SVC|HC^95921|110|66.66||1~DTM|472|20150818~CAS|CO|45|24.97||253|1.36~CAS|PR|2|17.01~REF|6R|1533626315Z4~REF|LU|11~AMT|B6|85.03~SVC|HC^94760|4|0||||1~DTM|472|20150818~CAS|CO|50|4~REF|6R|1533626315Z5~REF|LU|11~LQ|HE|M25~LQ|HE|N115~CLP|307-3608|19|130|81.56|20.8|MB|2815233722640|11|1~NM1|QC|1|NEAL|CHESTER||||HN|441625131A~NM1|82|1||||||XX|1962447805~NM1|TT|2|TX HEALTH & HUMAN SERVICES COMMI|||||PI|70051~MOA|||MA01|MA07~DTM|050|20150821~SVC|HC^99214|130|81.56||1~DTM|472|20150714~CAS|CO|45|25.98||253|1.66~CAS|PR|2|20.8~REF|6R|1533628458Z1~REF|LU|11~AMT|B6|104.02~CLP|349-3571|1|130|72.97|18.61|MB|2815233722540|11|1~NM1|QC|1|NEAL|MENFORD||||HN|458524052A~NM1|82|1||||||XX|1679978068~MOA|||MA01~DTM|050|20150821~SVC|HC^99214|130|72.97||1~DTM|472|20150810~CAS|CO|45|36.93||253|1.49~CAS|PR|2|18.61~REF|6R|1533470400Z1~REF|LU|11~AMT|B6|93.07~CLP|349-3641|1|130|81.56|20.8|MB|2815233722620|11|1~NM1|QC|1|NEAL|MENFORD||||HN|458524052A~NM1|82|1||||||XX|1962447805~MOA|||MA01~DTM|050|20150821~SVC|HC^99214|130|81.56||1~DTM|472|20150814~CAS|CO|45|25.98||253|1.66~CAS|PR|2|20.8~REF|6R|1533470442Z1~REF|LU|11~AMT|B6|104.02~CLP|314-3625|1|24|15.11|3.85|MB|2815233722560|11|1~NM1|QC|1|PALMER|LARRY||||HN|382562993A~NM1|82|1||||||XX|1962447805~MOA|||MA01~DTM|050|20150821~SVC|HC^99211|24|15.11||1~DTM|472|20150817~CAS|CO|45|4.73||253|.31~CAS|PR|2|3.85~REF|6R|1533470413Z1~REF|LU|11~AMT|B6|19.27~CLP|315-3628|19|130|81.56|20.8|MB|2815233722570|11|1~NM1|QC|1|PATTILLO|CATHY||||HN|458297430A~NM1|82|1||||||XX|1962447805~NM1|TT|2|TX HEALTH & HUMAN SERVICES COMMI|||||PI|70051~MOA|||MA01|MA07~DTM|050|20150821~SVC|HC^99214|130|81.56||1~DTM|472|20150817~CAS|CO|45|25.98||253|1.66~CAS|PR|2|20.8~REF|6R|1533470416Z1~REF|LU|11~AMT|B6|104.02~CLP|381-3632|19|496|294|75|MB|2815233722590|11|1~NM1|QC|1|STIGGERS|BILLY||||HN|455488650A~NM1|82|1||||||XX|1962447805~NM1|TT|2|WPS - TRICARE FOR LIFE|||||PI|60000~MOA|||MA01|MA18~DTM|050|20150821~SVC|HC^99214^25|130|81.56||1~DTM|472|20150817~CAS|CO|45|25.98||253|1.66~CAS|PR|2|20.8~REF|6R|1533470423Z1~REF|LU|11~AMT|B6|104.02~SVC|HC^95923|252|145.78||1~DTM|472|20150817~CAS|CO|45|66.05||253|2.98~CAS|PR|2|37.19~REF|6R|1533470423Z2~REF|LU|11~AMT|B6|185.95~SVC|HC^95921|110|66.66||1~DTM|472|20150817~CAS|CO|45|24.97||253|1.36~CAS|PR|2|17.01~REF|6R|1533470423Z3~REF|LU|11~AMT|B6|85.03~SVC|HC^94760|4|0||||1~DTM|472|20150817~CAS|CO|50|4~REF|6R|1533470423Z4~REF|LU|11~LQ|HE|M25~LQ|HE|N115~CLP|362-3560|19|144|82.72|21.1|MB|2815233722520|11|1~NM1|QC|1|TAPPEN|FRANCES||||HN|510093885D~NM1|82|1||||||XX|1679978068~NM1|TT|2|WPS - TRICARE FOR LIFE|||||PI|60000~MOA|||MA01|MA18~DTM|050|20150821~SVC|HC^99213^25|88|49.16||1~DTM|472|20150810~CAS|CO|45|25.3||253|1~CAS|PR|2|12.54~REF|6R|1533470391Z1~REF|LU|11~AMT|B6|62.7~SVC|HC^69210|56|33.56||1~DTM|472|20150810~CAS|CO|45|13.19||253|.69~CAS|PR|2|8.56~REF|6R|1533470391Z2~REF|LU|11~AMT|B6|42.81~CLP|317-3572|19|148|92.29|23.54|MB|2815233722550|11|1~NM1|QC|1|TWILLEY|EDWARD||||HN|458213375A~NM1|82|1||||||XX|1962447805~NM1|TT|2|TX HEALTH & HUMAN SERVICES COMMI|||||PI|70051~MOA|||MA01|MA15|MA07~DTM|050|20150821~SVC|HC^99214^25|130|81.56||1~DTM|472|20150806~CAS|CO|45|25.98||253|1.66~CAS|PR|2|20.8~REF|6R|1533470402Z1~REF|LU|11~AMT|B6|104.02~SVC|HC^99406|18|10.73||1~DTM|472|20150806~CAS|CO|45|4.31||253|.22~CAS|PR|2|2.74~REF|6R|1533470402Z2~REF|LU|11~AMT|B6|13.69~SE|312|0001~GE|1|1297~IEA|1|000001302~