ISA|00|          |00|          |ZZ|ZIRMED         |ZZ|GATE0084       |151117|0117|U|00401|000001558|1|P|^~GS|HP|ZIRMED|GATE0084|20151117|0117|1553|X|004010X091A1~ST|835|0001~BPR|I|91.66|C|CHK||||||||||||20151113~TRN|1|PG47819740|1411289245|000087726~DTM|405|20151113~N1|PR|UNITED HEALTHCARE INSURANCE COMPANY|XV|87726~N3|P O BOX 740800~N4|ATLANTA|GA|303740800~REF|2U|87726~PER|CX|SAN ANTONIO SERVICE CENTER|TE|8778423210~N1|PE|SUMANA KETHA|XX|1063835361~N3|2925 SKYWAY CIR N~N4|IRVING|TX|750380000~REF|TJ|464596718~LX|1~TS3|1063835361|11|20151231|2|312~CLP|6128-4032|1|178|0|156.68|14|5269046614 0049467185|11|1~NM1|QC|1|ALEJANDRO|MARIA~NM1|IL|1|ALEJANDRO|MARIA||||MI|924674279~NM1|74|1|||D~NM1|82|1|KETHA|SUMANA||||XX|1962447805~REF|1L|730292~REF|CE|CHOYC~DTM|050|20151105~DTM|232|20151019~AMT|AU|174~SVC|HC^99215^25|174|0||1~DTM|472|20151019~CAS|CO|45|17.32~CAS|PR|1|156.68~REF|6R|1597765628Z1~AMT|B6|156.68~SVC|HC^94760|4|0||1~DTM|472|20151019~CAS|CO|234|4~REF|6R|1597765628Z2~LQ|HE|M80~CLP|5721-4029|1|134|91.66|25|13|5263632942 0022822321|11|1~NM1|QC|1|MAKI|JACQUELINE~NM1|IL|1|MAKI|JACQUELINE||||MI|003114900~NM1|74|1|||R~NM1|82|1|KETHA|SUMANA||||XX|1962447805~MOA|||MA15~REF|CE|NAVI PL~REF|1L|744260~DTM|050|20151102~DTM|232|20151016~AMT|AU|130~SVC|HC^99214^25|130|91.66||1~DTM|472|20151016~CAS|CO|45|13.34~CAS|PR|3|25~REF|6R|1594016785Z1~AMT|B6|116.66~SVC|HC^94760|4|0||1~DTM|472|20151016~CAS|CO|234|4~REF|6R|1594016785Z5~LQ|HE|M80~SE|59|0001~ST|835|0002~BPR|I|53.71|C|CHK||||||||||||20151113~TRN|1|QC10897550|1411289245|000087726~DTM|405|20151113~N1|PR|UNITED HEALTHCARE INSURANCE COMPANY|XV|87726~N3|GREENSBORO SERVICE CENTER|PO BOX 30555~N4|SALT LAKE CITY|UT|841300555~REF|2U|87726~PER|CX|GREENSBORO SERVICE CENTER|TE|8778423210~N1|PE|SUMANA KETHA|XX|1063835361~N3|2925 SKYWAY CIR N~N4|IRVING|TX|750380000~REF|TJ|464596718~LX|1~TS3|1063835361|11|20151231|2|178~CLP|5977-3729|1|174|78.34|78.34|13|9499102317 0020454252|11|1~NM1|QC|1|JOSHI|KRISHNA~NM1|IL|1|JOSHI|KRISHNA||||MI|905671804~NM1|82|1|KETHA|SUMANA||||XX|1962447805~MOA|||MA15~REF|CE|COMP BA~REF|1L|902732~DTM|050|20151106~DTM|232|20150804~AMT|AU|174~SVC|HC^99215^25|174|78.34||1~DTM|472|20150804~CAS|CO|45|17.32~CAS|PR|2|78.34~REF|6R|1543338128Z1~AMT|B6|156.68~CLP|5977-3729|1|4|3.83||13|9499102318 0020454254|11|1~NM1|QC|1|JOSHI|KRISHNA~NM1|IL|1|JOSHI|KRISHNA||||MI|905671804~NM1|82|1|KETHA|SUMANA||||XX|1962447805~MOA|||MA15~REF|1L|902732~REF|CE|COMP BA~DTM|050|20151106~DTM|232|20150804~AMT|AU|4~SVC|HC^94760|4|3.83||1~DTM|472|20150804~CAS|CO|45|.17~REF|6R|1543338128Z2~AMT|B6|3.83~PLB|1063835361|20151231|FB^QK05807284|28.46~SE|48|0002~ST|835|0003~BPR|I|52.2|C|CHK||||||||||||20151113~TRN|1|QC60233170|1411289245|000087726~DTM|405|20151113~N1|PR|UNITED HEALTHCARE INSURANCE COMPANY|XV|87726~N3|CHICO SERVICE CENTER|P O BOX 740800~N4|ATLANTA|GA|303740800~REF|2U|87726~PER|CX|CHICO SERVICE CENTER|TE|8778423210~N1|PE|SUMANA KETHA|XX|1063835361~N3|2925 SKYWAY CIR N~N4|IRVING|TX|750380000~REF|TJ|464596718~LX|1~TS3|1063835361|11|20151231|2|85~CLP|6043-4219|1|56|29||13|5272660109 0020415808|11|1~NM1|QC|1|SINGH|AMIT KUMAR~NM1|IL|1|SINGH|AMIT KUMAR||||MI|931891256~NM1|82|1|KETHA|SUMANA||||XX|1962447805~MOA|||MA15~REF|1L|902866~REF|CE|CHOYC+~DTM|050|20151109~DTM|232|20151001~AMT|AU|33~SVC|HC^90654^25|23|0||1~DTM|472|20151001~CAS|CO|4|23~REF|6R|1600939825Z1~SVC|HC^90471|33|29||1~DTM|472|20151001~CAS|CO|45|4~REF|6R|1600939825Z2~AMT|B6|29~CLP|6043-4219|1|29|23.2|5.8|13|5272660109 0020415810|11|1~NM1|QC|1|SINGH|AMIT KUMAR~NM1|IL|1|SINGH|AMIT KUMAR||||MI|931891256~NM1|82|1|KETHA|SUMANA||||XX|1962447805~MOA|||MA15~REF|CE|CHOYC+~REF|1L|902866~DTM|050|20151109~DTM|232|20151001~AMT|AU|29~SVC|HC^96372|29|23.2||1~DTM|472|20151001~CAS|PR|2|5.8~REF|6R|1600939825Z3~AMT|B6|29~SE|50|0003~ST|835|0004~BPR|H|0|C|NON||||||||||||20151113~TRN|1|QK95378049|1411289245|000087726~DTM|405|20151113~N1|PR|UNITED HEALTHCARE INSURANCE COMPANY|XV|87726~N3|GREENSBORO SERVICE CENTER|P O BOX 30555~N4|SALT LAKE CITY|UT|841300555~REF|2U|87726~PER|CX|GREENSBORO SERVICE CENTER|TE|8778423210~N1|PE|SUMANA KETHA|XX|1063835361~N3|2925 SKYWAY CIR N~N4|IRVING|TX|750380000~REF|TJ|464596718~LX|1~TS3|1063835361|11|20151231|1|130~CLP|6145-4188|1|130|0|116.66|13|5272660108 0009123741|11|1~NM1|QC|1|UDDIN|YASIR~NM1|IL|1|UDDIN|YASIR||||MI|930797238~NM1|82|1|KETHA|SUMANA||||XX|1962447805~REF|1L|717730~REF|CE|CHOYC+~DTM|050|20151109~DTM|232|20151105~AMT|AU|130~SVC|HC^99214|130|0||1~DTM|472|20151105~CAS|CO|45|13.34~CAS|PR|1|116.66~REF|6R|1600915270Z1~AMT|B6|116.66~SE|31|0004~GE|4|1553~IEA|1|000001558~