ISA|00|          |00|          |ZZ|ZIRMED         |30|611340767      |150324|0819|U|00401|000000720|0|P|^~GS|HP|ZIRMED|611340767|20150324|0819|715|X|004010X091A1~ST|835|0001~BPR|I|18.65|C|ACH|CCP|01|011900445|DA|0000009046|1066033492||01|111000025|DA|488038453432|20150327~TRN|1|815082290003891|1066033492~REF|EV|611340767~DTM|405|20150324~N1|PR|AETNA~N3|151 FARMINGTON AVENUE~N4|HARTFORD|CT|06156~N1|PE|KETHA, SUMANA|XX|1063835361~N3|2925 SKYWAY CIR N~N4|IRVING|TX|750383510~REF|PQ|762610840~REF|TJ|464596718~LX|1~TS3|1063835361|31|20151231|2|155~CLP|376-2436|2|51|6.12|1.53|15|EJABLVNNN0000|31|1~NM1|QC|1|TRAVIS|ALFRED|M|||MI|449620738A~NM1|74|1||||||C|W093742796~NM1|82|1|MARCO|DALE-ANN||||XX|1063835361~REF|1L|0895980-030-00100-CI~REF|CE|TRADITIONAL CHOICE~DTM|232|20150204~DTM|233|20150204~DTM|050|20150317~PER|CX||TE|8886323862~AMT|AU|51~SVC|HC^99307|51|6.12||1~DTM|472|20150204~CAS|OA|23|43.35~CAS|PR|2|1.53~REF|6R|1384825354Z1~AMT|B6|37.64~LQ|HE|N192~CLP|364-2441|2|104|12.53|3.13|15|EJFBLVW710000|31|1~NM1|QC|1|JACKSON|MARIAN|A|||MI|463181950D~NM1|74|1||||||C|W058767023~NM1|82|1|MARCO|DALE-ANN||||XX|1063835361~REF|1L|0895980-030-00100-CI~REF|CE|TRADITIONAL CHOICE~DTM|232|20150202~DTM|233|20150202~DTM|050|20150317~PER|CX||TE|8886323862~AMT|AU|104~SVC|HC^99309|104|12.53||1~DTM|472|20150202~CAS|OA|23|88.34~CAS|PR|2|3.13~REF|6R|1384825359Z1~AMT|B6|77.03~LQ|HE|N192~SE|52|0001~ST|835|0002~BPR|I|17.5|C|ACH|CCP|01|031100209|DA|0000009108|1066033492||01|111000025|DA|488038453432|20150327~TRN|1|815082280003728|1066033492~REF|EV|611340767~DTM|405|20150324~N1|PR|AETNA~N3|151 FARMINGTON AVENUE~N4|HARTFORD|CT|06156~N1|PE|KETHA, SUMANA|XX|1063835361~N3|2925 SKYWAY CIR N~N4|IRVING|TX|750383510~REF|PQ|762610840~REF|TJ|464596718~LX|1~TS3|1063835361|32|20151231|1|104~CLP|54-2345|2|104|17.5||15|E0PBKZXYQ0000|32|1~CAS|OA|23|17.22~CAS|PI|100|51.37~CAS|PR|2|-17.22~NM1|QC|1|TYLER|MARY|L|||MI|454260356A~NM1|74|1||||||C|W161972955~NM1|82|1|KETHA|SUMANA||||XX|1063835361~REF|1L|0820363-053-00001-BR~REF|CE|TRADITIONAL CHOICE~DTM|232|20150126~DTM|233|20150126~DTM|050|20150310~PER|CX||TE|8886323862~AMT|AU|104~SVC|HC^99309|104|68.87||1~DTM|472|20150126~CAS|OA|23|17.91~CAS|PR|2|17.22~REF|6R|1378201720Z1~AMT|B6|86.09~SE|36|0002~GE|2|715~IEA|1|000000720~