ISA|00|          |00|          |ZZ|ZIRMED         |ZZ|11             |151113|1441|U|00401|000001556|0|P|^~GS|HP|ZIRMED|FIS123456789|20151113|1441|1551|X|004010X091A1~ST|835|0001~BPR|I|525.2|C|ACH|CCP|01|092904554|DA|150097034071|1201494502||01|111000025|DA|488038453432|20151112~TRN|1|EFT2959817|1201494502~REF|EV|FIS123456789~REF|F2|TXMC QNXT~DTM|405|20151111~N1|PR|MOLINA HEALTHCARE OF TEXAS, INC~N3|2505 N. STATE HIGHWAY 360|STE 300~N4|GRAND PRAIRIE|TX|75050~N1|PE|DFW PRIMARY CARE PLLC|XX|1063835361~N3|2925 SKYWAY CICLE NORTH~N4|IRVING|TX|750383510~REF|TJ|464596718~LX|1~CLP|3040-4202|1|130|46.73||MC|15314918574~NM1|QC|1|ROBERTSON|SHARON|L|||MI|524114075~NM1|82|1|KETHA|SUMANA||||XX|1962447805~REF|CE|TQMBPL6979~DTM|232|20151106~DTM|233|20151106~DTM|050|20151110~AMT|AU|130~SVC|HC^99214|130|46.73||1~DTM|472|20151106~CAS|CO|45|83.27~REF|6R|1600915276Z1~AMT|B6|46.73~CLP|553-4210|1|964.46|478.47||MC|15314918578~NM1|QC|1|LARGE|BILLY|W|||MI|615579278~NM1|82|1|KETHA|SUMANA||||XX|1962447805~REF|CE|TQMBPL6979~DTM|232|20151104~DTM|233|20151104~DTM|050|20151110~AMT|AU|964.46~SVC|HC^96120^25|46.18|0||1~DTM|472|20151104~CAS|CO|204|46.18~REF|6R|1600915278Z1~LQ|HE|N130~SVC|HC^95957|305.27|0||1~DTM|472|20151104~CAS|CO|6|305.27~REF|6R|1600915278Z2~LQ|HE|N30~SVC|HC^95816|346.27|270.51||1~DTM|472|20151104~CAS|CO|45|75.76~REF|6R|1600915278Z3~AMT|B6|270.51~SVC|HC^95930|123.94|96.5||1~DTM|472|20151104~CAS|CO|45|27.44~REF|6R|1600915278Z4~AMT|B6|96.5~SVC|HC^92585|130.57|101.84||1~DTM|472|20151104~CAS|CO|45|28.73~REF|6R|1600915278Z5~AMT|B6|101.84~SVC|HC^99090|0|0||1~DTM|472|20151104~REF|6R|1600915278Z6~LQ|HE|N130~SVC|HC^93040|12.23|9.62||1~DTM|472|20151104~CAS|CO|45|2.61~REF|6R|1600915278Z7~AMT|B6|9.62~SE|70|0001~GE|1|1551~IEA|1|000001556~