ISA|00|          |00|          |ZZ|ZIRMED         |29|E12705         |151121|0635|U|00401|000001586|0|P|^~GS|HP|ZIRMED|E12705|20151121|0635|1581|X|004010X091A1~ST|835|0001~BPR|I|473.71|C|ACH|CCP|01|081517693|DA|152302017594|1205296137||01|111000025|DA|488038453432|20151123~TRN|1|891734630|1205296137~REF|EV|E12705~DTM|405|20151120~N1|PR|NOVITAS SOLUTIONS, INC.~N3|PO BOX 3110~N4|MECHANICSBURG|PA|170551826~REF|2U|04412~PER|CX||TE|8552528782~N1|PE|DFW GERIATRICS PLLC|XX|1063835361~N3|2925 SKYWAY CIRCLE NORTH~N4|IRVING|TX|750383510~REF|TJ|464596718~LX|1~CLP|559-4184|19|130|81.56|20.8|MB|2915313679170|11|1~NM1|QC|1|AGANON|ROSITA||||HN|630769002A~NM1|82|1||||||XX|1962447805~NM1|TT|2|AMERICAN INSURANCE ADMINISTRATOR|||||PI|30151~MOA|||MA01|MA18~DTM|050|20151109~SVC|HC^99214|130|81.56||1~DTM|472|20151105~CAS|CO|45|25.98||253|1.66~CAS|PR|2|20.8~REF|6R|1600915265Z1~REF|LU|11~AMT|B6|104.02~CLP|6152-4201|1|594|392.15|88.88|MB|2915313679180|11|1~NM1|QC|1|PRINGLE|GREGORY||||HN|464398606A~NM1|82|1||||||XX|1962447805~MOA|||MA01~DTM|050|20151109~SVC|HC^99205^25|149|116.82||1~DTM|472|20151106~CAS|CO|253|2.38~CAS|PR|2|29.8~REF|6R|1600915273Z1~REF|LU|11~AMT|B6|149~SVC|HC^90654|23|18.54||1~DTM|472|20151106~CAS|CO|45|4.08||253|.38~REF|6R|1600915273Z2~REF|LU|11~AMT|B6|18.92~SVC|HC^G0008|31|25.2||1~DTM|472|20151106~CAS|CO|45|5.29||253|.51~REF|6R|1600915273Z3~REF|LU|11~AMT|B6|25.71~SVC|HC^96372|29|19.15||1~DTM|472|20151106~CAS|CO|45|4.58||253|.39~CAS|PR|2|4.88~REF|6R|1600915273Z4~REF|LU|11~AMT|B6|24.42~SVC|HC^95923|252|145.78||1~DTM|472|20151106~CAS|CO|45|66.05||253|2.98~CAS|PR|2|37.19~REF|6R|1600915273Z5~REF|LU|11~AMT|B6|185.95~SVC|HC^95921|110|66.66||1~DTM|472|20151106~CAS|CO|45|24.97||253|1.36~CAS|PR|2|17.01~REF|6R|1600915273Z6~REF|LU|11~AMT|B6|85.03~SE|74|0001~GE|1|1581~IEA|1|000001586~