ISA|00|          |00|          |ZZ|ZIRMED         |29|E12705         |150206|0500|U|00401|000000536|0|P|^~GS|HP|ZIRMED|E12705|20150206|0500|531|X|004010X091A1~ST|835|0001~BPR|H|0|C|NON||||||||||||20150206~TRN|1|458673193|1205296137~REF|EV|E12705~DTM|405|20150205~N1|PR|NOVITAS SOLUTIONS, INC.~N3|PO BOX 3110~N4|MECHANICSBURG|PA|170551826~REF|2U|04412~PER|CX||TE|8552528782~N1|PE|DFW GERIATRICS PLLC|XX|1063835361~N3|2925 SKYWAY CIRCLE NORTH~N4|IRVING|TX|750383510~REF|TJ|464596718~LX|1~CLP|322-1676|1|155|0||MB|2815020799150|31|1~NM1|QC|1|ALCORN|RITA||||HN|453524322A~NM1|82|1||||||XX|1952303547~MOA|||MA01~DTM|050|20150120~SVC|HC^99310|155|0||||1~DTM|472|20141230~CAS|CO|B9|155~REF|LU|31~REF|6R|1349233764Z1~LQ|HE|N90~CLP|322-1743|1|104|0||MB|2815020799340|31|1~NM1|QC|1|ALCORN|RITA||||HN|453524322A~NM1|82|1||||||XX|1962447805~MOA|||MA01~DTM|050|20150120~SVC|HC^99309|104|0||||1~DTM|472|20150102~CAS|CO|B9|104~REF|LU|31~REF|6R|1349234390Z1~LQ|HE|N90~CLP|254-1579|1|84|0||MB|2815020799710|31|1~NM1|QC|1|APPEL|DARVIN||||HN|446407960A~NM1|82|1||||||XX|1962447805~MOA|||MA01~DTM|050|20150120~SVC|HC^99315|84|0||||1~DTM|472|20141201~CAS|CO|B9|84~REF|LU|31~REF|6R|1349234514Z1~LQ|HE|N90~CLP|348-1979|19|236|0|92.61|MB|2815030383310|11|1~NM1|QC|1|BEGUM|MAQBOOL||||HN|341889400M~NM1|82|1||||||XX|1679978068~NM1|TT|2|TX HEALTH & HUMAN SERVICES COMMI|||||PI|70051~MOA|||MA01|MA07~DTM|050|20150130~SVC|HC^99214^25|130|0||1~DTM|472|20150113~CAS|CO|45|37.39~CAS|PR|1|92.61~REF|LU|11~REF|6R|1359016680Z1~AMT|B6|92.61~SVC|HC^99356|106|0||||1~DTM|472|20150113~CAS|CO|58|106~REF|LU|11~REF|6R|1359016680Z2~CLP|298-1873|1|51|0|42.75|MB|2815033888180|31|1~NM1|QC|1|COX|DOROTHY||||HN|451013622D~NM1|82|1||||||XX|1962447805~MOA|||MA01~DTM|050|20150202~SVC|HC^99307|51|0||1~DTM|472|20150104~CAS|CO|45|8.25~CAS|PR|1|42.75~REF|LU|31~REF|6R|1360869849Z1~AMT|B6|42.75~CLP|164-2033|1|109|0||MB|2815033888770|31|1~NM1|QC|1|DOMINGUEZ|MARIA||||HN|456542337A~NM1|82|1||||||XX|1952303547~MOA|||MA01~DTM|050|20150202~SVC|HC^99335|109|0||||1~DTM|472|20150112~CAS|CO|58|109~REF|LU|31~REF|6R|1360872659Z1~CLP|127-1869|19|51|0|42.75|MB|2815033888150|32|1~NM1|QC|1|GALIMORE|FELIXD||||HN|439522668A~NM1|82|1||||||XX|1962447805~NM1|TT|2|TX HEALTH & HUMAN SERVICES COMMI|||||PI|70051~MOA|||MA01|MA07~DTM|050|20150202~SVC|HC^99307|51|0||1~DTM|472|20150105~CAS|CO|45|8.25~CAS|PR|1|42.75~REF|LU|32~REF|6R|1360869846Z1~AMT|B6|42.75~CLP|128-1926|19|51|0|42.75|MB|2815033888490|32|1~NM1|QC|1|GARCIA|HERALDO||||HN|458840277A~NM1|82|1||||||XX|1962447805~NM1|TT|2|TX HEALTH & HUMAN SERVICES COMMI|||||PI|70051~MOA|||MA01|MA07~DTM|050|20150202~SVC|HC^99307|51|0||1~DTM|472|20150108~CAS|CO|45|8.25~CAS|PR|1|42.75~REF|LU|32~REF|6R|1360870526Z1~AMT|B6|42.75~CLP|129-1582|1|51|0||MB|2815020799640|32|1~NM1|QC|1|GARN|JAMES|F|||HN|467240006A~NM1|82|1||||||XX|1962447805~MOA|||MA01~DTM|050|20150120~SVC|HC^99307|51|0||||1~DTM|472|20141103~CAS|CO|B9|51~REF|LU|32~REF|6R|1349234499Z1~LQ|HE|N90~CLP|87-1927|19|51|0|42.75|MB|2815033888510|32|1~NM1|QC|1|GIPSON|CARRIE||||HN|457404502B~NM1|82|1||||||XX|1962447805~NM1|TT|2|TX HEALTH & HUMAN SERVICES COMMI|||||PI|70051~MOA|||MA01|MA07~DTM|050|20150202~SVC|HC^99307|51|0||1~DTM|472|20150108~CAS|CO|45|8.25~CAS|PR|1|42.75~REF|LU|32~REF|6R|1360870528Z1~AMT|B6|42.75~CLP|261-1972|19|51|0|42.75|MB|2815033888610|32|1~NM1|QC|1|HARPER|JOE|M|||HN|452825305M~NM1|82|1||||||XX|1962447805~NM1|TT|2|TX HEALTH & HUMAN SERVICES COMMI|||||PI|70051~MOA|||MA01|MA07~DTM|050|20150202~SVC|HC^99307|51|0||1~DTM|472|20150108~CAS|CO|45|8.25~CAS|PR|1|42.75~REF|LU|32~REF|6R|1360870538Z1~AMT|B6|42.75~CLP|297-1566|1|193|0|193|MB|2815035184220|32|1~NM1|QC|1|HARVEY|DENTON||||HN|451549102A~NM1|82|1||||||XX|1962447805~MOA|||MA01~DTM|050|20150204~SVC|HC^99306|193|0||||1~DTM|472|20141205~CAS|PR|26|193~REF|LU|32~REF|6R|1364391907Z1~CLP|219-2026|19|109|0|81.63|MB|2815033888730|33|1~NM1|QC|1|HOOVER|MINNIE|B|||HN|465549405M~NM1|82|1||||||XX|1952303547~NM1|TT|2|TX HEALTH & HUMAN SERVICES COMMI|||||PI|70051~MOA|||MA01|MA07~DTM|050|20150202~SVC|HC^99335|109|0||1~DTM|472|20150109~CAS|CO|45|27.37~CAS|PR|1|81.63~REF|LU|33~REF|6R|1360872655Z1~AMT|B6|81.63~CLP|364-2056|19|104|0|87.49|MB|2815033889260|31|1~NM1|QC|1|JACKSON|MARIAN||||HN|463181950D~NM1|82|1||||||XX|1962447805~NM1|TT|2|AETNA, INC.|||||PI|00060~MOA|||MA01|MA18~DTM|050|20150202~SVC|HC^99309|104|0||1~DTM|472|20150115~CAS|CO|45|16.51~CAS|PR|1|87.49~REF|LU|31~REF|6R|1360887593Z1~AMT|B6|87.49~CLP|59-1883|19|109|0|81.63|MB|2815033888220|33|1~NM1|QC|1|KEILSON|GERALD|R|||HN|462301721A~NM1|82|1||||||XX|1952303547~NM1|TT|2|AMA INSURANCE AGENCY, INC.|||||PI|30150~MOA|||MA01|MA18~DTM|050|20150202~SVC|HC^99335|109|0||1~DTM|472|20150105~CAS|CO|45|27.37~CAS|PR|1|81.63~REF|LU|33~REF|6R|1360869853Z1~AMT|B6|81.63~CLP|158-1861|19|51|0|42.75|MB|2815033888110|32|1~NM1|QC|1|LUCKETT|MARY||||HN|523464493A~NM1|82|1||||||XX|1962447805~NM1|TT|2|TX HEALTH & HUMAN SERVICES COMMI|||||PI|70051~MOA|||MA01|MA07~DTM|050|20150202~SVC|HC^99307|51|0||1~DTM|472|20150105~CAS|CO|45|8.25~CAS|PR|1|42.75~REF|LU|32~REF|6R|1360869842Z1~AMT|B6|42.75~CLP|300-1694|1|222|0||MB|2815020799050|33|1~NM1|QC|1|MARTINEZ|IBSEN|D|||HN|449715409A~NM1|82|1||||||XX|1952303547~MOA|||MA01|MA27~DTM|050|20150120~SVC|HC^99337|222|0||||1~DTM|472|20141230~CAS|CO|109|222~REF|LU|33~REF|6R|1349233754Z1~CLP|299-1879|1|104|0|78.28|MB|2815033888410|31|1~NM1|QC|1|MARTINEZ|PEDRO|T|||HN|464968305A~NM1|82|1||||||XX|1952303547~MOA|||MA01~DTM|050|20150202~SVC|HC^99309|104|0||1~DTM|472|20150107~CAS|CO|45|25.72~CAS|PR|1|78.28~REF|LU|31~REF|6R|1360870517Z1~AMT|B6|78.28~CLP|173-2007|19|51|0|42.75|MB|2815033888640|32|1~NM1|QC|1|MITCHELL|CARL|W|||HN|449686350A~NM1|82|1||||||XX|1962447805~NM1|TT|2|TX HEALTH & HUMAN SERVICES COMMI|||||PI|70051~MOA|||MA01|MA07~DTM|050|20150202~SVC|HC^99307|51|0||1~DTM|472|20150108~CAS|CO|45|8.25~CAS|PR|1|42.75~REF|LU|32~REF|6R|1360870541Z1~AMT|B6|42.75~CLP|78-1769|1|104|0||MB|2815020799670|32|1~NM1|QC|1|NELSON|HELEN|R|||HN|452520020M~NM1|82|1||||||XX|1962447805~MOA|||MA01~DTM|050|20150120~SVC|HC^99309|104|0||||1~DTM|472|20141104~CAS|CO|B9|104~REF|LU|32~REF|6R|1349234502Z1~LQ|HE|N90~CLP|100-1948|1|104|0||MB|2815033889460|33|1~NM1|QC|1|PETERSON|DEBORAH||||HN|464111423A~NM1|82|1||||||XX|1962447805~MOA|||MA01~DTM|050|20150202~SVC|HC^99309|104|0||||1~DTM|472|20141120~CAS|CO|58|104~REF|LU|33~REF|6R|1360888034Z1~CLP|33-1863|19|51|0|42.75|MB|2815033888120|32|1~NM1|QC|1|SAVANNAH|BILLY||||HN|439621087A~NM1|82|1||||||XX|1962447805~NM1|TT|2|TX HEALTH & HUMAN SERVICES COMMI|||||PI|70051~MOA|||MA01|MA07~DTM|050|20150202~SVC|HC^99307|51|0||1~DTM|472|20150105~CAS|CO|45|8.25~CAS|PR|1|42.75~REF|LU|32~REF|6R|1360869843Z1~AMT|B6|42.75~CLP|107-2034|1|109|0||MB|2815033888780|31|1~NM1|QC|1|SHERIDAN|EDNA|V|||HN|486241601A~NM1|82|1||||||XX|1952303547~MOA|||MA01~DTM|050|20150202~SVC|HC^99335|109|0||||1~DTM|472|20150112~CAS|CO|58|109~REF|LU|31~REF|6R|1360872660Z1~CLP|55-2028|19|109|0|81.63|MB|2815033888750|33|1~NM1|QC|1|UZOMA|SHARON|L|||HN|467397111A~NM1|82|1||||||XX|1952303547~NM1|TT|2|TX HEALTH & HUMAN SERVICES COMMI|||||PI|70051~MOA|||MA01|MA07~DTM|050|20150202~SVC|HC^99335|109|0||1~DTM|472|20150109~CAS|CO|45|27.37~CAS|PR|1|81.63~REF|LU|33~REF|6R|1360872657Z1~AMT|B6|81.63~CLP|34-2110|19|51|0|42.75|MB|2815033889060|32|1~NM1|QC|1|WOODARD|SEYMOUR||||HN|459749510A~NM1|82|1||||||XX|1962447805~NM1|TT|2|TX HEALTH & HUMAN SERVICES COMMI|||||PI|70051~MOA|||MA01|MA07~DTM|050|20150202~SVC|HC^99307|51|0||1~DTM|472|20150121~CAS|CO|45|8.25~CAS|PR|1|42.75~REF|LU|32~REF|6R|1360885943Z1~AMT|B6|42.75~CLP|13-1880|19|109|0|81.63|MB|2815033888420|33|1~NM1|QC|1|WREN|BILLIE|N|||HN|523465985A~NM1|82|1||||||XX|1952303547~NM1|TT|2|TX HEALTH & HUMAN SERVICES COMMI|||||PI|70051~MOA|||MA01|MA07~DTM|050|20150202~SVC|HC^99335|109|0||1~DTM|472|20150107~CAS|CO|45|27.37~CAS|PR|1|81.63~REF|LU|33~REF|6R|1360870518Z1~AMT|B6|81.63~SE|332|0001~GE|1|531~IEA|1|000000536~