ISA|00|          |00|          |ZZ|ZIRMED         |29|E12705         |150527|0526|U|00401|000000981|0|P|^~GS|HP|ZIRMED|E12705|20150527|0526|976|X|004010X091A1~ST|835|0001~BPR|H|0|C|NON||||||||||||20150527~TRN|1|459248916|1205296137~REF|EV|E12705~DTM|405|20150526~N1|PR|NOVITAS SOLUTIONS, INC.~N3|PO BOX 3110~N4|MECHANICSBURG|PA|170551826~REF|2U|04412~PER|CX||TE|8552528782~N1|PE|DFW GERIATRICS PLLC|XX|1063835361~N3|2925 SKYWAY CIRCLE NORTH~N4|IRVING|TX|750383510~REF|TJ|464596718~LX|1~CLP|419-2921|1|264|0||MB|2815142266750|11|1~NM1|QC|1|PITMAN|WANDA||||HN|452401970B~NM1|82|1||||||XX|1962447805~MOA|||MA130~DTM|050|20150522~SVC|HC^93306|264|0||||1~DTM|472|20150402~CAS|CO|16|264~REF|LU|11~REF|6R|1456344919Z1~LQ|HE|MA130~LQ|HE|N265~LQ|HE|N276~LQ|HE|N286~CLP|317-2198|1|148|0||MB|2915140371890|11|1~NM1|QC|1|TWILLEY|EDWARD||||HN|458213375A~NM1|82|1||||||XX|1679978068~MOA|||MA01~DTM|050|20150520~SVC|HC^99214|130|0||||1~DTM|472|20141205~CAS|CO|B15|130~REF|LU|11~REF|6R|1454344549Z1~LQ|HE|M80~SVC|HC^99406|18|0||||1~DTM|472|20141205~CAS|OA|18|18~REF|LU|11~REF|6R|1454344549Z2~LQ|HE|N522~SE|47|0001~ST|835|0002~BPR|I|278.17|C|ACH|CCP|01|081517693|DA|152302017594|1205296137||01|111000025|DA|488038453432|20150527~TRN|1|890263496|1205296137~REF|EV|E12705~DTM|405|20150526~N1|PR|NOVITAS SOLUTIONS, INC.~N3|PO BOX 3110~N4|MECHANICSBURG|PA|170551826~REF|2U|04412~PER|CX||TE|8552528782~N1|PE|DFW GERIATRICS PLLC|XX|1063835361~N3|2925 SKYWAY CIRCLE NORTH~N4|IRVING|TX|750383510~REF|TJ|464596718~LX|1~CLP|110-847|19|109|71.38|18.21|MB|2815133195510|33|1~NM1|QC|1|ELLIS|JOHNNY|R|||HN|455964775A~NM1|82|1||||||XX|1962447805~NM1|TT|2|TX HEALTH & HUMAN SERVICES COMMI|||||PI|70051~MOA|||MA01|MA07~DTM|050|20150513~SVC|HC^99335|109|71.38||1~DTM|472|20140804~CAS|CO|45|17.95||253|1.46~CAS|PR|2|18.21~REF|LU|33~REF|6R|1448104777Z1~AMT|B6|91.05~CLP|136-848|19|109|71.38|18.21|MB|2815133195520|33|1~NM1|QC|1|JEFFERY|JOHN|H|||HN|467644818A~NM1|82|1||||||XX|1962447805~NM1|TT|2|TX HEALTH & HUMAN SERVICES COMMI|||||PI|70051~MOA|||MA01|MA07~DTM|050|20150513~SVC|HC^99335|109|71.38||1~DTM|472|20140804~CAS|CO|45|17.95||253|1.46~CAS|PR|2|18.21~REF|LU|33~REF|6R|1448106118Z1~AMT|B6|91.05~CLP|9-1109|19|51|33.58|8.57|MB|2815133195540|32|1~NM1|QC|1|KISER|BEN||||HN|456687960M~NM1|82|1||||||XX|1962447805~NM1|TT|2|TX HEALTH & HUMAN SERVICES COMMI|||||PI|70051~MOA|||MA01|MA07~DTM|050|20150513~SVC|HC^99307^GW|51|33.58||1~DTM|472|20140929~CAS|CO|45|8.16||253|.69~CAS|PR|2|8.57~REF|LU|32~REF|6R|1448110983Z1~AMT|B6|42.84~CLP|9-715|19|51|33.58|8.57|MB|2815133195550|32|1~NM1|QC|1|KISER|BEN||||HN|456687960M~NM1|82|1||||||XX|1962447805~NM1|TT|2|TX HEALTH & HUMAN SERVICES COMMI|||||PI|70051~MOA|||MA01|MA07~DTM|050|20150513~SVC|HC^99307^GW|51|33.58||1~DTM|472|20140911~CAS|CO|45|8.16||253|.69~CAS|PR|2|8.57~REF|LU|32~REF|6R|1448111658Z1~AMT|B6|42.84~CLP|6-1765|19|104|68.25|17.41|MB|2815133195560|32|1~NM1|QC|1|THORNTON|ARWILDER||||HN|457072991C1~NM1|82|1||||||XX|1962447805~NM1|TT|2|TX HEALTH & HUMAN SERVICES COMMI|||||PI|70051~MOA|||MA01|MA07~DTM|050|20150513~SVC|HC^99309^GW|104|68.25||1~DTM|472|20140811~CAS|CO|45|16.95||253|1.39~CAS|PR|2|17.41~REF|LU|32~REF|6R|1448117408Z1~AMT|B6|87.05~SE|81|0002~GE|2|976~IEA|1|000000981~