ISA|00|          |00|          |ZZ|ZIRMED         |29|E12705         |150902|0420|U|00401|000001285|0|P|^~GS|HP|ZIRMED|E12705|20150902|0420|1280|X|004010X091A1~ST|835|0001~BPR|H|0|C|NON||||||||||||20150902~TRN|1|459687404|1205296137~REF|EV|E12705~DTM|405|20150901~N1|PR|NOVITAS SOLUTIONS, INC.~N3|PO BOX 3110~N4|MECHANICSBURG|PA|170551826~REF|2U|04412~PER|CX||TE|8552528782~N1|PE|DFW GERIATRICS PLLC|XX|1063835361~N3|2925 SKYWAY CIRCLE NORTH~N4|IRVING|TX|750383510~REF|TJ|464596718~LX|1~CLP|285-1437|4|79|0||MB|2815238389030|31|1~NM1|QC|1|MCVAY|J D||||HN|466203547A~NM1|82|1||||||XX|1962447805~MOA|||MA130|MA61~DTM|050|20150826~SVC|HC^99308|79|0||||1~DTM|472|20141009~CAS|CO|140|79~REF|6R|1536987601Z1~REF|LU|31~LQ|HE|MA130~LQ|HE|MA61~CLP|285-1432|4|51|0||MB|2815238389060|31|1~NM1|QC|1|MCVAY|J D||||HN|466203547A~NM1|82|1||||||XX|1962447805~MOA|||MA130|MA61~DTM|050|20150826~SVC|HC^99307|51|0||||1~DTM|472|20141016~CAS|CO|140|51~REF|6R|1536988250Z1~REF|LU|31~LQ|HE|MA130~LQ|HE|MA61~SE|40|0001~ST|835|0002~BPR|I|1168.56|C|ACH|CCP|01|081517693|DA|152302017594|1205296137||01|111000025|DA|488038453432|20150902~TRN|1|890891818|1205296137~REF|EV|E12705~DTM|405|20150901~N1|PR|NOVITAS SOLUTIONS, INC.~N3|PO BOX 3110~N4|MECHANICSBURG|PA|170551826~REF|2U|04412~PER|CX||TE|8552528782~N1|PE|DFW GERIATRICS PLLC|XX|1063835361~N3|2925 SKYWAY CIRCLE NORTH~N4|IRVING|TX|750383510~REF|TJ|464596718~LX|1~CLP|559-3615|19|130|81.56|20.8|MB|2815231728270|11|1~NM1|QC|1|AGANON|ROSITA||||HN|630769002A~NM1|82|1||||||XX|1962447805~NM1|TT|2|ASSURED LIFE ASSOCIATION|||||PI|30281~MOA|||MA01|MA18~DTM|050|20150819~SVC|HC^99214|130|81.56||1~DTM|472|20150714~CAS|CO|45|25.98||253|1.66~CAS|PR|2|20.8~REF|6R|1531185437Z1~REF|LU|11~AMT|B6|104.02~CLP|342-3596|19|130|81.56|20.8|MB|2815231728230|11|1~NM1|QC|1|ALLEN|THOMAS||||HN|453825428A~NM1|82|1||||||XX|1962447805~NM1|TT|2|TX HEALTH & HUMAN SERVICES COMMI|||||PI|70051~MOA|||MA01|MA07~DTM|050|20150819~SVC|HC^99214|130|81.56||1~DTM|472|20150710~CAS|CO|45|25.98||253|1.66~CAS|PR|2|20.8~REF|6R|1531185411Z1~REF|LU|11~AMT|B6|104.02~CLP|342-2585|19|510|222.08|56.64|MB|2915224011290|11|1~NM1|QC|1|ALLEN|THOMAS||||HN|453825428A~NM1|82|1||||||XX|1962447805~NM1|TT|2|TX HEALTH & HUMAN SERVICES COMMI|||||PI|70051~MOA|||MA01|MA07~DTM|050|20150812~SVC|HC^99214^25|130|0||||1~DTM|472|20150211~CAS|OA|18|130~REF|6R|1522501737Z1~REF|LU|11~LQ|HE|N522~SVC|HC^99406|18|10.68||1~DTM|472|20150211~CAS|CO|45|4.38||253|.22~CAS|PR|2|2.72~REF|6R|1522501737Z2~REF|LU|11~AMT|B6|13.62~SVC|HC^95921|110|66.34||1~DTM|472|20150211~CAS|CO|45|25.39||253|1.35~CAS|PR|2|16.92~REF|6R|1522501737Z3~REF|LU|11~AMT|B6|84.61~SVC|HC^95923|252|145.06||1~DTM|472|20150211~CAS|CO|45|66.98||253|2.96~CAS|PR|2|37~REF|6R|1522501737Z4~REF|LU|11~AMT|B6|185.02~CLP|313-3617|19|130|81.56|20.8|MB|2815231728280|11|1~NM1|QC|1|FRICK|TERRY||||HN|467375415A~NM1|82|1||||||XX|1962447805~NM1|TT|2|ARKANSAS MEDICAID PROGRAM|||||PI|70017~MOA|||MA01|MA07~DTM|050|20150819~SVC|HC^99214|130|81.56||1~DTM|472|20150714~CAS|CO|45|25.98||253|1.66~CAS|PR|2|20.8~REF|6R|1531185440Z1~REF|LU|11~AMT|B6|104.02~CLP|421-3601|1|130|81.56|20.8|MB|2815231728240|11|1~NM1|QC|1|GAUNCE|JOAN|D|||HN|465980569A~NM1|82|1||||||XX|1962447805~MOA|||MA01~DTM|050|20150819~SVC|HC^99214|130|81.56||1~DTM|472|20150710~CAS|CO|45|25.98||253|1.66~CAS|PR|2|20.8~REF|6R|1531185417Z1~REF|LU|11~AMT|B6|104.02~CLP|380-3588|19|134|81.56|20.8|MB|2815231728210|11|1~NM1|QC|1|HAYNES|WILLIAM||||HN|455726510TA~NM1|82|1||||||XX|1962447805~NM1|TT|2|TX HEALTH & HUMAN SERVICES COMMI|||||PI|70051~MOA|||MA01|MA07~DTM|050|20150819~SVC|HC^99214^25|130|81.56||1~DTM|472|20150709~CAS|CO|45|25.98||253|1.66~CAS|PR|2|20.8~REF|6R|1531185405Z1~REF|LU|11~AMT|B6|104.02~SVC|HC^94760|4|0||||1~DTM|472|20150709~CAS|CO|50|4~REF|6R|1531185405Z2~REF|LU|11~LQ|HE|M25~LQ|HE|N115~CLP|408-3618|19|130|81.56|20.8|MB|2815231728290|11|1~NM1|QC|1|JOHNSON|LINDA||||HN|467634822M~NM1|82|1||||||XX|1962447805~NM1|TT|2|TX HEALTH & HUMAN SERVICES COMMI|||||PI|70051~MOA|||MA01|MA07~DTM|050|20150819~SVC|HC^99214|130|81.56||1~DTM|472|20150714~CAS|CO|45|25.98||253|1.66~CAS|PR|2|20.8~REF|6R|1531185442Z1~REF|LU|11~AMT|B6|104.02~CLP|349-3614|1|130|81.56|20.8|MB|2815231728260|11|1~NM1|QC|1|NEAL|MENFORD||||HN|458524052A~NM1|82|1||||||XX|1962447805~MOA|||MA01~DTM|050|20150819~SVC|HC^99214|130|81.56||1~DTM|472|20150714~CAS|CO|45|25.98||253|1.66~CAS|PR|2|20.8~REF|6R|1531185436Z1~REF|LU|11~AMT|B6|104.02~CLP|314-3580|1|496|294|75|MB|2815231728200|11|1~NM1|QC|1|PALMER|LARRY||||HN|382562993A~NM1|82|1||||||XX|1962447805~MOA|||MA01~DTM|050|20150819~SVC|HC^99214^25|130|81.56||1~DTM|472|20150703~CAS|CO|45|25.98||253|1.66~CAS|PR|2|20.8~REF|6R|1531185399Z1~REF|LU|11~AMT|B6|104.02~SVC|HC^95923|252|145.78||1~DTM|472|20150703~CAS|CO|45|66.05||253|2.98~CAS|PR|2|37.19~REF|6R|1531185399Z2~REF|LU|11~AMT|B6|185.95~SVC|HC^95921|110|66.66||1~DTM|472|20150703~CAS|CO|45|24.97||253|1.36~CAS|PR|2|17.01~REF|6R|1531185399Z3~REF|LU|11~AMT|B6|85.03~SVC|HC^94760|4|0||||1~DTM|472|20150703~CAS|CO|50|4~REF|6R|1531185399Z4~REF|LU|11~LQ|HE|M25~LQ|HE|N115~CLP|418-3589|1|130|81.56|20.8|MB|2815231728220|11|1~NM1|QC|1|TODD|MICHAEL|S|||HN|466453707A~NM1|82|1||||||XX|1962447805~MOA|||MA01~DTM|050|20150819~SVC|HC^99214|130|81.56||1~DTM|472|20150709~CAS|CO|45|25.98||253|1.66~CAS|PR|2|20.8~REF|6R|1531185406Z1~REF|LU|11~AMT|B6|104.02~SE|190|0002~GE|2|1280~IEA|1|000001285~