ISA|00|          |00|          |ZZ|ZIRMED         |29|E12705         |150411|0520|U|00401|000000806|0|P|^~GS|HP|ZIRMED|E12705|20150411|0520|801|X|004010X091A1~ST|835|0001~BPR|H|0|C|NON||||||||||||20150413~TRN|1|459033961|1205296137~REF|EV|E12705~DTM|405|20150410~N1|PR|NOVITAS SOLUTIONS, INC.~N3|PO BOX 3110~N4|MECHANICSBURG|PA|170551826~REF|2U|04412~PER|CX||TE|8552528782~N1|PE|DFW GERIATRICS PLLC|XX|1063835361~N3|2925 SKYWAY CIRCLE NORTH~N4|IRVING|TX|750383510~REF|TJ|464596718~LX|1~CLP|269-1681|1|79|0||MB|2815099651340|31|1~NM1|QC|1|SIMON|CANDI||||HN|449651029A~NM1|82|1||||||XX|1962447805~MOA|||MA01~DTM|050|20150409~SVC|HC^99308|79|0||||1~DTM|472|20141203~CAS|OA|18|79~REF|LU|31~REF|6R|1419314730Z1~LQ|HE|N522~SE|27|0001~ST|835|0002~BPR|I|5806.27|C|ACH|CCP|01|081517693|DA|152302017594|1205296137||01|111000025|DA|488038453432|20150413~TRN|1|889958450|1205296137~REF|EV|E12705~DTM|405|20150410~N1|PR|NOVITAS SOLUTIONS, INC.~N3|PO BOX 3110~N4|MECHANICSBURG|PA|170551826~REF|2U|04412~PER|CX||TE|8552528782~N1|PE|DFW GERIATRICS PLLC|XX|1063835361~N3|2925 SKYWAY CIRCLE NORTH~N4|IRVING|TX|750383510~REF|TJ|464596718~PLB|1063835361|20151231|BN^7620150331000|-74.32|BN^7620150331000|-5731.95~SE|16|0002~GE|2|801~IEA|1|000000806~