ISA|00|          |00|          |ZZ|ZIRMED         |29|E12705         |150429|0554|U|00401|000000844|0|P|^~GS|HP|ZIRMED|E12705|20150429|0554|839|X|004010X091A1~ST|835|0001~BPR|H|0|C|NON||||||||||||20150429~TRN|1|459113114|1205296137~REF|EV|E12705~DTM|405|20150428~N1|PR|NOVITAS SOLUTIONS, INC.~N3|PO BOX 3110~N4|MECHANICSBURG|PA|170551826~REF|2U|04412~PER|CX||TE|8552528782~N1|PE|DFW GERIATRICS PLLC|XX|1063835361~N3|2925 SKYWAY CIRCLE NORTH~N4|IRVING|TX|750383510~REF|TJ|464596718~LX|1~CLP|9-715|1|51|0||MB|2815098183260|32|1~NM1|QC|1|KISER|BEN||||HN|456687960M~NM1|82|1||||||XX|1962447805~MOA|||MA01~DTM|050|20150408~SVC|HC^99307|51|0||||1~DTM|472|20140911~CAS|CO|B9|51~REF|LU|32~REF|6R|1417853583Z1~LQ|HE|N90~CLP|9-1109|1|51|0||MB|2815098183280|32|1~NM1|QC|1|KISER|BEN||||HN|456687960M~NM1|82|1||||||XX|1962447805~MOA|||MA01~DTM|050|20150408~SVC|HC^99307|51|0||||1~DTM|472|20140929~CAS|CO|B9|51~REF|LU|32~REF|6R|1417853585Z1~LQ|HE|N90~SE|38|0001~ST|835|0002~BPR|I|72.04|C|ACH|CCP|01|081517693|DA|152302017594|1205296137||01|111000025|DA|488038453432|20150429~TRN|1|890068915|1205296137~REF|EV|E12705~DTM|405|20150428~N1|PR|NOVITAS SOLUTIONS, INC.~N3|PO BOX 3110~N4|MECHANICSBURG|PA|170551826~REF|2U|04412~PER|CX||TE|8552528782~N1|PE|DFW GERIATRICS PLLC|XX|1063835361~N3|2925 SKYWAY CIRCLE NORTH~N4|IRVING|TX|750383510~REF|TJ|464596718~LX|1~CLP|50-2457|19|123|72.04|18.38|MB|2815098183160|21|1~NM1|QC|1|SANDERS|TONY|R|||HN|467086770A~NM1|82|1||||||XX|1952303547~NM1|TT|2|TX HEALTH & HUMAN SERVICES COMMI|||||PI|70051~MOA|||MA01|MA07~DTM|050|20150408~SVC|HC^99239|123|72.04||1~DTM|472|20141216~CAS|CO|45|31.11||253|1.47~CAS|PR|2|18.38~REF|LU|21~REF|6R|1417800652Z1~AMT|B6|91.89~SE|29|0002~GE|2|839~IEA|1|000000844~