ISA|00|          |00|          |ZZ|ZIRMED         |ZZ|AV09311993     |151230|1003|}|00501|000001694|0|P|^~GS|HP|ZIRMED|AV01101957|20151230|1003|1689|X|005010X221A1~ST|835|0001~BPR|I|580.02|C|CHK||||||||||||20151229~TRN|1|001963029|1610647538~REF|EV|030240928~DTM|405|20151229~N1|PR|HUMANA INC.|XV|610647538~N3|P.O. BOX 14601~N4|LEXINGTON|KY|405124601~PER|BL~N1|PE|DFW GERIATRICS PLLC|XX|1063835361~N3|2925 SKYWAY CIR N~N4|IRVING|TX|750383510~REF|PQ|338034~REF|TJ|464596718~LX|1~TS3|1962447805|11|20151231|6|719~CLP|5687-4794|1|134|107.3||16|163212619|11|1~NM1|QC|1|STEPHENSON|ROGERS||||MI|H40301200~NM1|74|1|STEPHENSON|ROGERS||||C|H40301200~NM1|82|1|KETHA|SUMANA||||XX|1962447805~REF|1L|0Q321419~REF|CE|MEDICARE ADVANTAGE HMO~DTM|232|20151207~DTM|233|20151207~DTM|050|20151224~PER|CX|UHA-AFFINITY MEDICAL GROUP|TE|5106623400~SVC|HC^99214^25|130|107.3||1~DTM|472|20151207~CAS|CO|253|2.19||45|20.51~REF|6R|1644000674Z1~AMT|B6|109.49~LQ|HE|N22~SVC|HC^94760|4|0||1~DTM|472|20151207~CAS|CO|97|4~REF|6R|1644000674Z2~LQ|HE|N19~CLP|6032-4417|1|130|107.3||16|163212541|11|1~NM1|QC|1|SHETTER|DEBORAH|S|||MI|H47489175~NM1|74|1|SHETTER|DEBORAH||||C|H47489175~NM1|82|1|KETHA|SUMANA||||XX|1962447805~REF|1L|0Q321419~REF|CE|MEDICARE ADVANTAGE HMO~DTM|232|20151119~DTM|233|20151119~DTM|050|20151224~PER|CX|UHA-AFFINITY MEDICAL GROUP|TE|5106623400~SVC|HC^99214|130|107.3||1~DTM|472|20151119~CAS|CO|253|2.19||45|20.51~REF|6R|1643992183Z1~AMT|B6|109.49~CLP|2310-4779|1|134|107.3||16|163212618|11|1~NM1|QC|1|OREAR|CHRISTOPHE||||MI|H11456849~NM1|74|1|OREAR|CHRISTOPHE||||C|H11456849~NM1|82|1|KETHA|SUMANA||||XX|1962447805~REF|1L|0Q321419~REF|CE|MEDICARE ADVANTAGE HMO~DTM|232|20151207~DTM|233|20151207~DTM|050|20151224~PER|CX|UHA-AFFINITY MEDICAL GROUP|TE|5106623400~SVC|HC^99214^25|130|107.3||1~DTM|472|20151207~CAS|CO|253|2.19||45|20.51~REF|6R|1644000671Z1~AMT|B6|109.49~LQ|HE|N22~SVC|HC^94760|4|0||1~DTM|472|20151207~CAS|CO|97|4~REF|6R|1644000671Z2~LQ|HE|N19~CLP|521-4976|1|134|107.3||16|163212620|11|1~NM1|QC|1|COMPTON|BONITA||||MI|H51836359~NM1|74|1|COMPTON|BONITA||||C|H51836359~NM1|82|1|KETHA|SUMANA||||XX|1962447805~REF|1L|0Q321419~REF|CE|MEDICARE ADVANTAGE HMO~DTM|232|20151211~DTM|233|20151211~DTM|050|20151224~PER|CX|UHA-AFFINITY MEDICAL GROUP|TE|5106623400~SVC|HC^99214^25|130|107.3||1~DTM|472|20151211~CAS|CO|253|2.19||45|20.51~REF|6R|1644000681Z1~AMT|B6|109.49~LQ|HE|N22~SVC|HC^94760|4|0||1~DTM|472|20151211~CAS|CO|97|4~REF|6R|1644000681Z2~LQ|HE|N19~CLP|3189-4996|1|134|107.3||16|163212621|11|1~NM1|QC|1|THOMAS|BAMINI||||MI|H45117563~NM1|74|1|THOMAS|BAMINI||||C|H45117563~NM1|82|1|KETHA|SUMANA||||XX|1962447805~REF|1L|0Q321419~REF|CE|MEDICARE ADVANTAGE HMO~DTM|232|20151211~DTM|233|20151211~DTM|050|20151224~PER|CX|UHA-AFFINITY MEDICAL GROUP|TE|5106623400~SVC|HC^99214^25|130|107.3||1~DTM|472|20151211~CAS|CO|253|2.19||45|20.51~REF|6R|1644000683Z1~AMT|B6|109.49~LQ|HE|N22~SVC|HC^94760|4|0||1~DTM|472|20151211~CAS|CO|97|4~REF|6R|1644000683Z2~LQ|HE|N19~CLP|5039-4301|1|53|43.52||16|163212847|11|1~NM1|QC|1|MARTINEZ|HIGNACIO||||MI|H53609246~NM1|74|1|MARTINEZ|HIGNACIO||||C|H53609246~NM1|82|1|KETHA|SUMANA||||XX|1962447805~REF|1L|0Q321419~REF|CE|MEDICARE ADVANTAGE HMO~DTM|232|20151113~DTM|233|20151113~DTM|050|20151224~PER|CX|UHA-AFFINITY MEDICAL GROUP|TE|5106623400~SVC|HC^99212|53|43.52||1~DTM|472|20151113~CAS|CO|253|.89||45|8.59~REF|6R|1644013554Z1~AMT|B6|44.41~SE|131|0001~GE|1|1689~IEA|1|000001694~