ISA|00|          |00|          |ZZ|ZIRMED         |29|E12705         |150113|0525|U|00401|000000442|0|P|^~GS|HP|ZIRMED|E12705|20150113|0525|437|X|004010X091A1~ST|835|0001~BPR|H|0|C|NON||||||||||||20150113~TRN|1|458520852|1205296137~REF|EV|E12705~DTM|405|20150112~N1|PR|NOVITAS SOLUTIONS, INC.~N3|PO BOX 3110~N4|MECHANICSBURG|PA|170551826~REF|2U|04412~PER|CX||TE|8552528782~N1|PE|DFW GERIATRICS PLLC|XX|1063835361~N3|2925 SKYWAY CIRCLE NORTH~N4|IRVING|TX|750383510~REF|TJ|464596718~LX|1~CLP|289-1514|1|104|0|104|MB|2815002588970|31|1~NM1|QC|1|PORCHE|MARGARET||||HN|281421765T~NM1|82|1||||||XX|1952303547~MOA|||MA01~DTM|050|20150102~SVC|HC^99309|104|0||||1~DTM|472|20141117~CAS|PR|26|104~REF|LU|31~REF|6R|1335894911Z1~CLP|289-1552|1|104|0|104|MB|2815002589610|31|1~NM1|QC|1|PORCHE|MARGARET||||HN|281421765T~NM1|82|1||||||XX|1952303547~MOA|||MA01~DTM|050|20150102~SVC|HC^99309|104|0||||1~DTM|472|20141124~CAS|PR|26|104~REF|LU|31~REF|6R|1335896252Z1~SE|36|0001~ST|835|0002~BPR|I|1035.18|C|ACH|CCP|01|081517693|DA|152302017594|1205296137||01|111000025|DA|488038453432|20150113~TRN|1|889303559|1205296137~REF|EV|E12705~DTM|405|20150112~N1|PR|NOVITAS SOLUTIONS, INC.~N3|PO BOX 3110~N4|MECHANICSBURG|PA|170551826~REF|2U|04412~PER|CX||TE|8552528782~N1|PE|DFW GERIATRICS PLLC|XX|1063835361~N3|2925 SKYWAY CIRCLE NORTH~N4|IRVING|TX|750383510~REF|TJ|464596718~PLB|1063835361|20151231|BN^7620141231000|-1035.18~SE|16|0002~GE|2|437~IEA|1|000000442~