ISA|00|          |00|          |ZZ|ZIRMED         |ZZ|PAYER          |151102|1717|U|00401|000001494|0|P|^~GS|HP|ZIRMED|PROVIDERHIS|20151102|1717|1489|X|004010X091A1~ST|835|0001~BPR|I|225.32|C|ACH|CCP|01|111000614|DA|708031463|1208058761||01|111000025|DA|488038453432|20151102~TRN|1|1000914958|1208058761~REF|EV|472325~N1|PR|WELLCARE OF TEXAS, INC.|XV|208058761~N3|P.O. BOX 31370~N4|TAMPA|FL|33631~REF|2U|TMR~N1|PE|DFW GERIATRICS PLLC|FI|464596718~N3|2925 SKYWAY CIRCLE NORTH~N4|IRVING|TX|75038~LX|1~TS3|464596718|11|20151231|2|264~CLP|430-4045|1|130|112.66||MB|584703832~NM1|QC|1|MUSHTAQ|ZAITOON|A|||MI|13166324~NM1|82|1|KETHA|SUMANA||||XX|1962447805~REF|G2|520919~DTM|232|20151020~AMT|AU|114.96~SVC|HC^99214|130|112.66||1~DTM|472|20151020~CAS|CO|45|15.04~CAS|PI|253|2.3~REF|6R|1589122977Z1~AMT|B6|114.96~CLP|2732-4068|1|134|112.66||MB|584703836~NM1|QC|1|PEACHES|DONNELL||||MI|13882656~NM1|82|1|KETHA|SUMANA||||XX|1962447805~REF|G2|520919~DTM|232|20151019~AMT|AU|118.3~SVC|HC^99214^25|130|112.66||1~DTM|472|20151019~CAS|CO|45|15.04~CAS|PI|253|2.3~REF|6R|1589122989Z1~AMT|B6|114.96~SVC|HC^94760|4|0||0||1~DTM|472|20151019~CAS|CO|234|4|1~REF|6R|1589122989Z2~AMT|B6|3.34~LQ|HE|M15~SE|44|0001~GE|1|1489~IEA|1|000001494~