ISA|00|          |00|          |ZZ|ZIRMED         |ZZ|GATE0084       |150526|0142|U|00401|000000980|1|P|^~GS|HP|ZIRMED|GATE0084|20150526|0142|975|X|004010X091A1~ST|835|0001~BPR|I|384.09|C|CHK||||||||||||20150522~TRN|1|PH90829244|1411289245|000087726~DTM|405|20150522~N1|PR|UNITED HEALTHCARE INSURANCE COMPANY|XV|87726~N3|P O BOX 740800~N4|ATLANTA|GA|303740800~REF|2U|87726~PER|CX|SPRINGFIELD SERVICE CENTER|TE|8778423210~N1|PE|SUMANA KETHA|XX|1063835361~N3|2925 SKYWAY CIR N~N4|IRVING|TX|750380000~REF|TJ|464596718~LX|1~TS3|1063835361|11|20151231|2|409~CLP|432-2860|1|264|264||13|5056613153 0008301102|11|1~NM1|QC|1|SAMUTHIRAM|SIVAKUMAR~NM1|IL|1|SAMUTHIRAM|SIVAKUMAR||||MI|811572439~NM1|82|1|KETHA|SUMANA||||XX|1962447805~REF|CE|CHOYC+~REF|1L|717730~DTM|050|20150518~DTM|232|20150416~AMT|AU|264~SVC|HC^93306|264|264||1~DTM|472|20150416~REF|6R|1451623920Z1~AMT|B6|264~CLP|5975-2879|1|145|120.09||14|5060322031 0054240397|11|1~NM1|QC|1|PATTERSON|LAWRENCE~NM1|IL|1|PATTERSON|LAWRENCE||||MI|963213985~NM1|74|1|||K~NM1|82|1|KETHA|SUMANA||||XX|1962447805~REF|CE|SEL EPO~REF|1L|701823~DTM|050|20150520~DTM|232|20150313~AMT|AU|145~SVC|HC^99395|145|120.09||1~DTM|472|20150313~CAS|CO|45|24.91~REF|6R|1454344557Z1~AMT|B6|120.09~SE|44|0001~ST|835|0002~BPR|I|588.54|C|CHK||||||||||||20150522~TRN|1|QC10017068|1411289245|000087726~DTM|405|20150522~N1|PR|UNITED HEALTHCARE INSURANCE COMPANY|XV|87726~N3|GREENSBORO SERVICE CENTER|PO BOX 30555~N4|SALT LAKE CITY|UT|841300555~REF|2U|87726~PER|CX|GREENSBORO SERVICE CENTER|TE|8778423210~N1|PE|SUMANA KETHA|XX|1063835361~N3|2925 SKYWAY CIR N~N4|IRVING|TX|750380000~REF|TJ|464596718~LX|1~TS3|1063835361|11|20151231|8|1284~CLP|5957-2750|1|130|58.33|58.33|13|3216920205 0013507868|11|1~NM1|QC|1|BHATT|HEM~NM1|IL|1|BHATT|HEM||||MI|914221702~NM1|82|1|KETHA|SUMANA||||XX|1962447805~REF|1L|902732~REF|CE|ADVTG~DTM|050|20150508~DTM|232|20150414~AMT|AU|130~SVC|HC^99214|130|58.33||1~DTM|472|20150414~CAS|CO|45|13.34~CAS|PR|2|58.33~REF|6R|1442229114Z1~AMT|B6|116.66~CLP|6004-2706|1|149|149||13|5045593989 0013536969|11|1~NM1|QC|1|BEGUM|SHAHINUR~NM1|IL|1|BEGUM|SHAHINUR||||MI|964155145~NM1|82|1|KETHA|SUMANA||||XX|1962447805~REF|CE|ADVTG~REF|1L|902732~DTM|050|20150508~DTM|232|20150320~AMT|AU|149~SVC|HC^99205|149|149||1~DTM|472|20150320~REF|6R|1444304163Z1~AMT|B6|149~CLP|2100-2747|1|88|3.92|75|13|5043158133 0013636641|11|1~NM1|QC|1|MANNE|SUDHA~NM1|IL|1|MANNE|SUDHA||||MI|927172617~NM1|74|1||SRINIVASA|R~NM1|82|1|KETHA|SUMANA||||XX|1962447805~REF|1L|902732~REF|CE|ADVTG~DTM|050|20150506~DTM|232|20150410~AMT|AU|88~SVC|HC^99213|88|3.92||1~DTM|472|20150410~CAS|CO|45|9.08~CAS|PR|3|75~REF|6R|1442229113Z1~AMT|B6|78.92~CLP|5977-2696|1|149|20.02|128.98|13|5045593987 0013665730|11|1~NM1|QC|1|JOSHI|KRISHNA~NM1|IL|1|JOSHI|KRISHNA||||MI|905671804~NM1|82|1|KETHA|SUMANA||||XX|1962447805~REF|1L|902732~REF|CE|ADVTG~DTM|050|20150508~DTM|232|20150320~AMT|AU|149~SVC|HC^99205|149|20.02||1~DTM|472|20150320~CAS|PR|1|108.97||2|20.01~REF|6R|1444304161Z1~AMT|B6|149~CLP|5976-2697|1|200|89.97|89.97|13|5045593988 0013665731|11|1~NM1|QC|1|JOSHI|PRABAHA~NM1|IL|1|JOSHI|PRABAHA||||MI|905671804~NM1|74|1||KRISHNA~NM1|82|1|KETHA|SUMANA||||XX|1962447805~REF|CE|ADVTG~REF|1L|902732~DTM|050|20150508~DTM|232|20150320~AMT|AU|200~SVC|HC^99204|200|89.97||1~DTM|472|20150320~CAS|CO|45|20.06~CAS|PR|2|89.97~REF|6R|1444304162Z1~AMT|B6|179.94~CLP|6004-2779|1|155|128.3||13|5047276869 0013618631|11|1~NM1|QC|1|BEGUM|SHAHINUR~NM1|IL|1|BEGUM|SHAHINUR||||MI|964155145~NM1|82|1|KETHA|SUMANA||||XX|1962447805~REF|1L|902732~REF|CE|ADVTG~DTM|050|20150511~DTM|232|20150327~AMT|AU|155~SVC|HC^99396|155|128.3||1~DTM|472|20150327~CAS|CO|45|26.7~REF|6R|1445549037Z1~AMT|B6|128.3~CLP|6014-2716|1|149|139|10|13|5045593990 0013855670|11|1~NM1|QC|1|SURISATTI|VARAHA~NM1|IL|1|SURISATTI|VARAHA||||MI|974020446~NM1|74|1|SURISETTI|VARAHA SANYA~NM1|82|1|KETHA|SUMANA||||XX|1962447805~REF|CE|COMPASS~REF|1L|902732~DTM|050|20150508~DTM|232|20150327~AMT|AU|149~SVC|HC^99205|149|139||1~DTM|472|20150327~CAS|PR|3|10~REF|6R|1444308266Z1~AMT|B6|149~CLP|6004-2861|1|264|0||13|5056613154 0013912199|11|1~NM1|QC|1|BEGUM|SHAHINUR~NM1|IL|1|BEGUM|SHAHINUR||||MI|964155145~NM1|82|1|KETHA|SUMANA||||XX|1962447805~REF|CE|COMPASS~REF|1L|902732~DTM|050|20150518~DTM|232|20150409~SVC|HC^93306|264|0||1~DTM|472|20150409~CAS|CO|197|264~REF|6R|1451623923Z1~SE|131|0002~ST|835|0003~BPR|H|0|C|NON||||||||||||20150522~TRN|1|QK02967504|1411289245|000087726~DTM|405|20150522~N1|PR|UNITED HEALTHCARE INSURANCE COMPANY|XV|87726~N3|GREENSBORO SMALL GROUP|PO BOX 740800~N4|ATLANTA|GA|303740800~REF|2U|87726~PER|CX|GREENSBORO SMALL GROUP|TE|8778423210~N1|PE|SUMANA KETHA|XX|1063835361~N3|2925 SKYWAY CIR N~N4|IRVING|TX|750380000~REF|TJ|464596718~LX|1~TS3|1063835361|11|20151231|1|29~CLP|431-2875|1|29|0|23.93|13|5060322032 0254839752|11|1~NM1|QC|1|MOTHUKURI|SUNIL|K~NM1|IL|1|MOTHUKURI|SUNIL|K|||MI|964637480~NM1|74|1||SUNIL KUMAR~NM1|82|1|KETHA|SUMANA||||XX|1962447805~REF|CE|CHOYC+~REF|1L|761570~DTM|050|20150520~DTM|232|20150313~AMT|AU|29~SVC|HC^99211^25|24|0||1~DTM|472|20150313~CAS|CO|45|1.89~CAS|PR|3|22.11~REF|6R|1454344551Z1~AMT|B6|22.11~SVC|HC^J3420|5|0||1~DTM|472|20150313~CAS|CO|45|3.18~CAS|PR|1|1.82~REF|6R|1454344551Z2~AMT|B6|1.82~SE|38|0003~GE|3|975~IEA|1|000000980~