ISA|00|          |00|          |ZZ|ZIRMED         |ZZ|611358935      |150710|0741|U|00401|000001120|0|P|^~GS|HP|ZIRMED|611358935|20150710|0741|1115|X|004010X091A1~ST|835|0001~BPR|H|0|C|NON||||||||||||20150710~TRN|1|150710190181680|1591031071|62308~REF|EV|133052274~REF|F2|1~DTM|405|20150710~N1|PR|CIGNA HEALTH AND LIFE INSURANCE COMPANY~N3|P. O. BOX 182223~N4|CHATTANOOGA|TN|374227223~REF|2U|62308~N1|PE|DFW GERIATRICS PLLC|XX|1063835361~N3|2925 SKYWAY N CIR~N4|IRVING|TX|750383510~REF|TJ|464596718~LX|1~TS3|1063835361|11|20151231|1|130~CLP|5008-3438|1|130|0|116.02|13|7651518300592|11|1~NM1|QC|1|VUTUKURU|SOWJANYA||||MI|01084516802~NM1|IL|1|VUTUKURU|SOWJANYA||||MI|01084516801~NM1|82|1|KETHA|SUMANA|D|||XX|1962447805~REF|1L|3337939~REF|CE|OPEN ACCESS PLUS~DTM|050|20150702~DTM|232|20150630~DTM|233|20150630~PER|CX|MEMBER SERVICES|TE|8002446224~AMT|AU|116.02~SVC|HC^99214|130|0||||1~CAS|CO|45|13.98~CAS|PR|1|116.02~REF|6R|1488605602Z1~AMT|B6|116.02~SE|33|0001~GE|1|1115~IEA|1|000001120~