ISA|00|          |00|          |ZZ|ZIRMED         |ZZ|PAYER          |151010|1237|U|00401|000001436|0|P|^~GS|HP|ZIRMED|PROVIDERHIS|20151010|1237|1431|X|004010X091A1~ST|835|0001~BPR|I|86.89|C|ACH|CCP|01|071000505|DA|5800366444|1742770542||01|111000025|DA|488038453432|20151012~TRN|1|0901559064|1742770542~REF|EV|999999999999999~DTM|405|20151012~N1|PR|SUPERIOR HEALTH PLAN~N3|6070 GATEWAY EAST|SUITE 400~N4|EL PASO|TX|79905~N1|PE|DFW GERIATRICS PLLC|XX|1063835361~N3|2925 SKWY CIR N~N4|IRVING|TX|75038~REF|TJ|464596718~LX|1~CLP|6048-3931|1|211|86.89||HM|O278TXE28030|11|E~NM1|QC|1|MARTIN|GERTRUDE||||MR|504273668~NM1|IL|1|MARTIN|GERTRUDE||||MI|00187200401~NM1|82|1|KETHA|SUMANA||||XX|1962447805~REF|EA|000000034607~REF|G2|168813~SVC|HC^99214^25|130|51.4||1~DTM|472|20151001~CAS|CO|45|78.6~REF|6R|1570080212Z1~REF|HPI|1962447805~AMT|B6|51.4~SVC|HC^G0008|31|0||1~DTM|472|20151001~CAS|CO|A1|31~REF|6R|1570080212Z2~REF|HPI|1962447805~LQ|HE|N216~SVC|HC^90656|17|14.61||1~DTM|472|20151001~CAS|CO|45|2.39~REF|6R|1570080212Z3~REF|HPI|1962447805~AMT|B6|14.61~SVC|HC^96372|29|20.88||1~DTM|472|20151001~CAS|CO|45|8.12~REF|6R|1570080212Z4~REF|HPI|1962447805~AMT|B6|20.88~SVC|HC^94760|4|0||1~DTM|472|20151001~CAS|CO|97|4~REF|6R|1570080212Z5~REF|HPI|1962447805~AMT|B6|2.65~LQ|HE|N525~SE|51|0001~GE|1|1431~IEA|1|000001436~