ISA|00|          |00|          |ZZ|ZIRMED         |ZZ|PAYER          |151117|1010|U|00401|000001561|0|P|^~GS|HP|ZIRMED|PROVIDERHIS|20151117|1010|1556|X|004010X091A1~ST|835|0001~BPR|I|51.4|C|ACH|CCP|01|061000104|DA|1000187147243|1742770542||01|111000025|DA|488038453432|20151117~TRN|1|0901628385|1742770542~REF|EV|999999999999999~DTM|405|20151117~N1|PR|SUPERIOR HEALTH PLAN~N3|6070 GATEWAY EAST|SUITE 400~N4|EL PASO|TX|79905~N1|PE|DFW GERIATRICS PLLC|XX|1063835361~N3|2925 SKWY CIR N~N4|IRVING|TX|75038~REF|TJ|464596718~LX|1~CLP|6144-4206|1|130|51.4||HM|O316TXE35688|11|E~NM1|QC|1|CALLOWAY|PHYLLIS||||MR|526961330~NM1|IL|1|CALLOWAY|PHYLLIS||||MI|00185480201~NM1|82|1|KETHA|SUMANA||||XX|1962447805~REF|EA|000000040641~REF|G2|168813~SVC|HC^99214|130|51.4||1~DTM|472|20151106~CAS|CO|45|78.6~REF|6R|1604922547Z1~REF|HPI|1962447805~AMT|B6|51.4~SE|26|0001~GE|1|1556~IEA|1|000001561~