ISA|00|          |00|          |ZZ|ZIRMED         |ZZ|AV09311993     |150826|1505|U|00401|000001270|0|P|^~GS|HP|ZIRMED|AV01101957|20150826|1505|1265|X|004010X091A1~ST|835|0001~BPR|I|204.21|C|CHK||||||||||||20150825~TRN|1|C15237339463450|1361236610|CP201508253394634500~REF|EV|TX8355010~DTM|405|20150825~N1|PR|BLUECROSS BLUESHIELD OF TEXAS~N3|P O BOX 660044~N4|DALLAS|TX|752660044~REF|2U|G84980~N1|PE|DFW GERIATRICS PLLC|XX|1063835361~N3|2925 SKYWAY CIR N~N4|IRVING|TX|750383510~REF|TJ|464596718~LX|1~CLP|1912-3577|1|130|0|113.21|12|0201523350P61020X00|11|1~NM1|QC|1|ATLURI|KRANTHI||||MI|FNA834311536~NM1|82|1|KETHA|SUMANA||||XX|1962447805~REF|1L|0001212120002~REF|CE|PREFERRED PROVIDER ORGANIZATION~DTM|232|20150817~DTM|233|20150817~DTM|050|20150821~AMT|AU|113.21~SVC|HC^99214|130|0||1~DTM|472|20150817~CAS|CO|45|16.79~CAS|PR|1|113.21~REF|6R|1533470407Z1~AMT|B6|113.21~LX|2~CLP|5678-3527|1|130|75.21|38|12|020152195064H720X00|11|1~NM1|QC|1|HARRIS|MARY||||MI|UXE905620421~NM1|82|1|KETHA|SUMANA||||XX|1962447805~REF|1L|000ZGPPOX0000~REF|CE|PREFERRED PROVIDER ORGANIZATION~DTM|232|20150728~DTM|233|20150728~DTM|050|20150807~AMT|F5|38~AMT|AU|113.21~SVC|HC^99214|130|75.21||1~DTM|472|20150728~CAS|CO|45|16.79~CAS|PR|2|38~REF|6R|1520398203Z1~AMT|B6|113.21~LX|3~CLP|720-3590|2|92|0|92|15|02015231506C5500X00|11|1~NM1|QC|1|RHODES|JIMMY||||MI|ZGM860781785~NM1|74|1|||E~NM1|82|1|KETHA|SUMANA||||XX|1962447805~REF|1L|0000TX2140000~DTM|232|20150709~DTM|233|20150709~DTM|050|20150819~SVC|HC^99213^25|88|0||1~DTM|472|20150709~CAS|PR|27|88~REF|6R|1531185408Z1~LQ|HE|N30~SVC|HC^94760|4|0||1~DTM|472|20150709~CAS|PR|27|4~REF|6R|1531185408Z2~LQ|HE|N30~LX|4~CLP|6070-3603|1|149|129|20|12|02015231506C3910X00|11|1~NM1|QC|1|SHARMA|RENUKA||||MI|ZGP821689281~NM1|74|1||DINESH~NM1|82|1|KETHA|SUMANA||||XX|1962447805~REF|1L|0001027290000~REF|CE|PREFERRED PROVIDER ORGANIZATION~DTM|232|20150710~DTM|233|20150710~DTM|050|20150819~AMT|AU|149~SVC|HC^99205|149|129||1~DTM|472|20150710~CAS|PR|1|20~REF|6R|1531185422Z1~AMT|B6|149~SE|82|0001~GE|1|1265~IEA|1|000001270~