ISA|00|          |00|          |ZZ|ZIRMED         |ZZ|GATE0084       |150505|0024|U|00401|000000848|1|P|^~GS|HP|ZIRMED|GATE0084|20150505|0024|843|X|004010X091A1~ST|835|0001~BPR|I|86.28|C|CHK||||||||||||20150501~TRN|1|PH90745615|1411289245|000087726~DTM|405|20150501~N1|PR|UNITED HEALTHCARE INSURANCE COMPANY|XV|87726~N3|GREENSBORO SERVICE CENTER|P.O. BOX 740800~N4|ATLANTA|GA|303740800~REF|2U|87726~PER|CX|GREENSBORO SERVICE CENTER|TE|8778423210~N1|PE|SUMANA KETHA|XX|1063835361~N3|2925 SKYWAY CIR N~N4|IRVING|TX|750380000~REF|TJ|464596718~LX|1~TS3|1063835361|31|20151231|1|104~CLP|150-2676|1|104|86.28|10.94|13|5019218127 0071193258|31|1~NM1|QC|1|PARRNELLI|KEIKO~NM1|IL|1|PARRNELLI|KEIKO||||MI|070304700~NM1|82|1|KETHA|SUMANA||||XX|1952303547~REF|1L|226310~REF|CE|CHOYC+~DTM|050|20150417~DTM|232|20150323~AMT|AU|104~SVC|HC^99309|61.48|43.76||1~DTM|472|20150323~CAS|CO|45|6.78~CAS|PR|2|10.94~REF|6R|1426238964Z1~AMT|B6|54.7~SVC|HC^99309|42.52|42.52||1~DTM|472|20150323~REF|6R|1426238964Z1~AMT|B6|42.52~SE|35|0001~ST|835|0002~BPR|I|404.67|C|CHK||||||||||||20150501~TRN|1|QC09905816|1411289245|000087726~DTM|405|20150501~N1|PR|UNITED HEALTHCARE INSURANCE COMPANY|XV|87726~N3|GREENSBORO SERVICE CENTER|PO BOX 30555~N4|SALT LAKE CITY|UT|841300555~REF|2U|87726~PER|CX|GREENSBORO SERVICE CENTER|TE|8778423210~N1|PE|SUMANA KETHA|XX|1063835361~N3|2925 SKYWAY CIR N~N4|IRVING|TX|750380000~REF|TJ|464596718~LX|1~TS3|1063835361|11|20151231|4|620~CLP|5970-2671|1|160|134.74||13|5017858090 0012874155|11|1~NM1|QC|1|BELDE|AJAY~NM1|IL|1|BELDE|AJAY||||MI|912108200~NM1|82|1|KETHA|SUMANA||||XX|1962447805~REF|1L|902732~REF|CE|ADVTG~DTM|050|20150416~DTM|232|20150210~AMT|AU|160~SVC|HC^99385|160|134.74||1~DTM|472|20150210~CAS|CO|45|25.26~REF|6R|1425089653Z1~AMT|B6|134.74~CLP|5957-2677|1|130|58.33|58.33|13|5017858091 0012874156|11|1~NM1|QC|1|BHATT|HEM~NM1|IL|1|BHATT|HEM||||MI|914221702~NM1|82|1|KETHA|SUMANA||||XX|1962447805~REF|CE|ADVTG~REF|1L|902732~DTM|050|20150416~DTM|232|20150202~AMT|AU|130~SVC|HC^99214|130|58.33||1~DTM|472|20150202~CAS|CO|45|13.34~CAS|PR|2|58.33~REF|6R|1425084900Z1~AMT|B6|116.66~CLP|2100-2670|1|130|41.66|75|13|5017796970 0012898427|11|1~NM1|QC|1|MANNE|SUDHA~NM1|IL|1|MANNE|SUDHA||||MI|927172617~NM1|74|1||SRINIVASA|R~NM1|82|1|KETHA|SUMANA||||XX|1962447805~REF|CE|ADVTG~REF|1L|902732~DTM|050|20150416~DTM|232|20150211~AMT|AU|130~SVC|HC^99214|130|41.66||1~DTM|472|20150211~CAS|CO|45|13.34~CAS|PR|3|75~REF|6R|1425103480Z1~AMT|B6|116.66~CLP|5971-2672|1|200|169.94|10|13|5017858089 0012898435|11|1~NM1|QC|1|AGIRU|PRIYANKA~NM1|IL|1|AGIRU|PRIYANKA||||MI|912108200~NM1|74|1|BELDE|AJAY~NM1|82|1|KETHA|SUMANA||||XX|1962447805~REF|CE|ADVTG~REF|1L|902732~DTM|050|20150416~DTM|232|20150210~AMT|AU|200~SVC|HC^99204|200|169.94||1~DTM|472|20150210~CAS|CO|45|20.06~CAS|PR|3|10~REF|6R|1425084895Z1~AMT|B6|179.94~SE|77|0002~ST|835|0003~BPR|I|120.09|C|CHK||||||||||||20150501~TRN|1|QC59391839|1411289245|000087726~DTM|405|20150501~N1|PR|UNITED HEALTHCARE INSURANCE COMPANY|XV|87726~N3|GREENSBORO SMALL GROUP|P O BOX 740800~N4|ATLANTA|GA|303740800~REF|2U|87726~PER|CX|GREENSBORO SMALL GROUP|TE|8778423210~N1|PE|SUMANA KETHA|XX|1063835361~N3|2925 SKYWAY CIR N~N4|IRVING|TX|750380000~REF|TJ|464596718~LX|1~TS3|1063835361|11|20151231|1|145~CLP|5658-2679|1|145|120.09||13|5019157164 0253676904|11|1~NM1|QC|1|SEPOORI|MILTON~NM1|IL|1|SEPOORI|MILTON||||MI|912058559~NM1|74|1||MILTON JAI K~NM1|82|1|KETHA|SUMANA||||XX|1962447805~REF|1L|2H5075~REF|CE|CHOYC+~DTM|050|20150417~DTM|232|20141212~AMT|AU|145~SVC|HC^99395|145|120.09||1~DTM|472|20141212~CAS|CO|45|24.91~REF|6R|1426244701Z1~AMT|B6|120.09~SE|31|0003~GE|3|843~IEA|1|000000848~