ISA|00|          |00|          |ZZ|ZIRMED         |ZZ|GATE0084       |150908|0132|U|00401|000001310|1|P|^~GS|HP|ZIRMED|GATE0084|20150908|0132|1305|X|004010X091A1~ST|835|0001~BPR|I|128.3|C|CHK||||||||||||20150904~TRN|1|PG47270207|1411289245|000087726~DTM|405|20150904~N1|PR|UNITED HEALTHCARE INSURANCE COMPANY|XV|87726~N3|GREENSBORO SERVICE CENTER|P O BOX 30555~N4|SALT LAKE CITY|UT|841300555~REF|2U|87726~PER|CX|GREENSBORO SERVICE CENTER|TE|8778423210~N1|PE|SUMANA KETHA|XX|1063835361~N3|2925 SKYWAY CIR N~N4|IRVING|TX|750380000~REF|TJ|464596718~LX|1~TS3|1063835361|11|20151231|1|155~CLP|6090-3723|1|155|128.3||13|5190141765 0023027623|11|1~NM1|QC|1|LATORRT|APRIL N COULTER~NM1|IL|1|LATORRT|APRIL N COULTER||||MI|968227817~NM1|74|1|COULTER-LATORRE|APRIL NATASHA~NM1|82|1|KETHA|SUMANA||||XX|1962447805~REF|CE|CHOYC+~REF|1L|136003~DTM|050|20150902~DTM|232|20150731~AMT|AU|155~SVC|HC^99396|155|128.3||1~DTM|472|20150731~CAS|CO|45|26.7~REF|6R|1543310023Z1~AMT|B6|128.3~SE|31|0001~ST|835|0002~BPR|I|493.15|C|CHK||||||||||||20150904~TRN|1|PH91229947|1411289245|000087726~DTM|405|20150904~N1|PR|UNITED HEALTHCARE INSURANCE COMPANY|XV|87726~N3|P O BOX 740800~N4|ATLANTA|GA|303740800~REF|2U|87726~PER|CX|GREENSBORO SERVICE CENTER|TE|8778423210~N1|PE|SUMANA KETHA|XX|1063835361~N3|2925 SKYWAY CIR N~N4|IRVING|TX|750380000~REF|TJ|464596718~LX|1~TS3|1063835361|11|20151231|5|681~CLP|6094-3671|1|88|19.46|20|13|5180174496 0015112821|11|1~NM1|QC|1|JHA|OJASWINI~NM1|IL|1|JHA|OJASWINI||||MI|962665052~NM1|82|1|KETHA|SUMANA||||XX|1962447805~MOA|||MA15~REF|1L|752713~REF|CE|CHOYC+~DTM|050|20150826~DTM|232|20150821~AMT|AU|88~SVC|HC^99213^25|88|19.46||1~DTM|472|20150821~CAS|CO|45|48.54~CAS|PR|3|20~REF|6R|1537301352Z1~AMT|B6|39.46~CLP|6094-3671|1|145|120.09||13|5180174496 0015112822|11|1~NM1|QC|1|JHA|OJASWINI~NM1|IL|1|JHA|OJASWINI||||MI|962665052~NM1|82|1|KETHA|SUMANA||||XX|1962447805~MOA|||MA15~REF|1L|752713~REF|CE|CHOYC+~DTM|050|20150826~DTM|232|20150821~AMT|AU|145~SVC|HC^99395|145|120.09||1~DTM|472|20150821~CAS|CO|45|24.91~REF|6R|1537301352Z2~AMT|B6|120.09~CLP|432-3747|1|88|58.92|20|13|5190141755 0008795195|11|1~NM1|QC|1|SAMUTHIRAM|SIVAKUMAR~NM1|IL|1|SAMUTHIRAM|SIVAKUMAR||||MI|811572439~NM1|82|1|KETHA|SUMANA||||XX|1962447805~REF|CE|CHOYC+~REF|1L|717730~DTM|050|20150902~DTM|232|20150831~AMT|AU|88~SVC|HC^99213|88|58.92||1~DTM|472|20150831~CAS|CO|45|9.08~CAS|PR|3|20~REF|6R|1543338143Z1~AMT|B6|78.92~CLP|6094-3681|1|200|159.94|20|13|5190141764 0015140937|11|1~NM1|QC|1|JHA|OJASWINI~NM1|IL|1|JHA|OJASWINI||||MI|962665052~NM1|82|1|KETHA|SUMANA||||XX|1962447805~REF|1L|752713~REF|CE|CHOYC+~DTM|050|20150902~DTM|232|20150804~AMT|AU|200~SVC|HC^99204|200|159.94||1~DTM|472|20150804~CAS|CO|45|20.06~CAS|PR|3|20~REF|6R|1543338121Z1~AMT|B6|179.94~CLP|6111-3743|1|160|134.74||14|5191758098 0079406929|11|1~NM1|QC|1|RAJASHEKAR|ANIITHAA~NM1|IL|1|RAJASHEKAR|ANIITHAA||||MI|935411272~NM1|82|1|KETHA|SUMANA||||XX|1962447805~REF|CE|CHOYC~REF|1L|709012~DTM|050|20150903~DTM|232|20150831~AMT|AU|160~SVC|HC^99385|160|134.74||1~DTM|472|20150831~CAS|CO|45|25.26~REF|6R|1544425983Z1~AMT|B6|134.74~SE|91|0002~ST|835|0003~BPR|I|425.26|C|CHK||||||||||||20150904~TRN|1|QC10549886|1411289245|000087726~DTM|405|20150904~N1|PR|UNITED HEALTHCARE INSURANCE COMPANY|XV|87726~N3|GREENSBORO SERVICE CENTER|PO BOX 30555~N4|SALT LAKE CITY|UT|841300555~REF|2U|87726~PER|CX|GREENSBORO SERVICE CENTER|TE|8778423210~N1|PE|SUMANA KETHA|XX|1063835361~N3|2925 SKYWAY CIR N~N4|IRVING|TX|750380000~REF|TJ|464596718~LX|1~TS3|1063835361|11|20151231|9|764~CLP|6057-3592|1|160|134.74||13|5175661841 0017644544|11|1~NM1|QC|1|SANGER|MANEESH~NM1|IL|1|SANGER|MANEESH||||MI|925583603~NM1|74|1||SWARN~NM1|82|1|KETHA|SUMANA||||XX|1962447805~REF|1L|902732~REF|CE|COMP BA~DTM|050|20150821~DTM|232|20150709~AMT|AU|160~SVC|HC^99385|160|134.74||1~DTM|472|20150709~CAS|CO|45|25.26~REF|6R|1533639467Z1~AMT|B6|134.74~CLP|6100-3624|1|204|104.94|75|13|5175661843 0017638351|11|1~NM1|QC|1|TRUPTI|DIXIT~NM1|IL|1|TRUPTI|DIXIT||||MI|963977336~NM1|74|1|DIXIT|TRUPTI|R~NM1|82|1|KETHA|SUMANA||||XX|1962447805~REF|1L|902732~REF|CE|COMP BA~DTM|050|20150821~DTM|232|20150813~AMT|AU|200~SVC|HC^99204^25|200|104.94||1~DTM|472|20150813~CAS|CO|45|20.06~CAS|PR|3|75~REF|6R|1533640019Z1~AMT|B6|179.94~SVC|HC^94760|4|0||1~DTM|472|20150813~CAS|CO|234|4~REF|6R|1533640019Z2~LQ|HE|M80~CLP|6042-3621|1|88|68.92|10|13|5175661845 0017645573|11|1~NM1|QC|1|MAKI|MERIDIAN~NM1|IL|1|MAKI|MERIDIAN||||MI|978166921~NM1|82|1|KETHA|SUMANA||||XX|1962447805~REF|CE|COMP BA~REF|1L|902732~DTM|050|20150821~DTM|232|20150710~AMT|AU|88~SVC|HC^99213|88|68.92||1~DTM|472|20150710~CAS|CO|45|9.08~CAS|PR|3|10~REF|6R|1533639472Z1~AMT|B6|78.92~CLP|6056-3627|1|130|116.66||13|5175835029 0017645277|11|1~NM1|QC|1|SANGER|SWARN~NM1|IL|1|SANGER|SWARN||||MI|925583603~NM1|82|1|KETHA|SUMANA||||XX|1962447805~REF|CE|COMP BA~REF|1L|902732~DTM|050|20150821~DTM|232|20150817~AMT|AU|130~SVC|HC^99214|130|116.66||1~DTM|472|20150817~CAS|CO|45|13.34~REF|6R|1533470415Z1~AMT|B6|116.66~CLP|6056-3477|1|155|128.3||13|5127364503 0017747793|11|1~NM1|QC|1|SANGER|SWARN~NM1|IL|1|SANGER|SWARN||||MI|925583603~NM1|82|1|KETHA|SUMANA||||XX|1962447805~REF|1L|902732~REF|F8|5127364503 0016092851~REF|CE|COMP BA~DTM|050|20150713~DTM|232|20150707~AMT|AU|155~SVC|HC^99396|155|128.3||1~DTM|472|20150707~CAS|CO|45|26.7~REF|6R|1497813144Z1~AMT|B6|128.3~LQ|HE|MA67~CLP|6056-3477|22|-155|-128.3||13|5127364503 0016092851|11|1~NM1|QC|1|SANGER|SWARN~NM1|IL|1|SANGER|SWARN||||MI|925583603~NM1|82|1|KETHA|SUMANA||||XX|1962447805~REF|1L|902732~REF|CE|COMP BA~DTM|050|20150713~DTM|232|20150707~SVC|HC^99396|-155|-128.3||1~DTM|472|20150707~CAS|CO|45|-26.7~REF|6R|1497813144Z1~CLP|5977-3729|1|174|0|174|13|5190141756 0017832058|11|1~NM1|QC|1|JOSHI|KRISHNA~NM1|IL|1|JOSHI|KRISHNA||||MI|905671804~NM1|82|1|KETHA|SUMANA||||XX|1962447805~MOA|||MA15~REF|CE|COMP BA~REF|1L|902732~DTM|036|20150729~DTM|050|20150902~DTM|232|20150804~SVC|HC^99215^25|174|0||1~DTM|472|20150804~CAS|PR|27|174~REF|6R|1543338128Z1~CLP|6089-3713|1|4|0||13|5190141761 0017850497|11|1~NM1|QC|1|PATEL|SHILPA~NM1|IL|1|PATEL|SHILPA||||MI|940232384~NM1|74|1||VIPUL~NM1|82|1|KETHA|SUMANA||||XX|1962447805~MOA|||MA15~REF|CE|COMP BA~REF|1L|902732~DTM|050|20150902~DTM|232|20150722~SVC|HC^94760|4|0||1~DTM|472|20150722~CAS|CO|234|4~REF|6R|1543310139Z2~LQ|HE|M80~CLP|6088-3712|1|4|0||13|5190141763 0017850502|11|1~NM1|QC|1|PATEL|VIPUL~NM1|IL|1|PATEL|VIPUL||||MI|940232384~NM1|82|1|KETHA|SUMANA||||XX|1962447805~MOA|||MA15~REF|CE|COMP BA~REF|1L|902732~DTM|050|20150902~DTM|232|20150722~SVC|HC^94760|4|0||1~DTM|472|20150722~CAS|CO|234|4~REF|6R|1543297332Z2~LQ|HE|M80~SE|152|0003~GE|3|1305~IEA|1|000001310~