ISA|00|          |00|          |ZZ|ZIRMED         |30|611340767      |150513|1003|U|00401|000000896|0|P|^~GS|HP|ZIRMED|611340767|20150513|1003|891|X|004010X091A1~ST|835|0001~BPR|I|12.46|C|ACH|CCP|01|011900445|DA|0000009046|1066033492||01|111000025|DA|488038453432|20150518~TRN|1|815132500001288|1066033492~REF|EV|611340767~DTM|405|20150513~N1|PR|AETNA~N3|151 FARMINGTON AVENUE~N4|HARTFORD|CT|06156~N1|PE|KETHA, SUMANA|XX|1063835361~N3|2925 SKYWAY CIR N~N4|IRVING|TX|750383510~REF|PQ|762610840~REF|TJ|464596718~LX|1~TS3|1063835361|31|20151231|1|104~CLP|214-1796|2|104|12.46|3.12|15|P0PBKQVZ10000|31|1~NM1|QC|1|MILLER JR|WILLIAM|C|||MI|458344463A~NM1|74|1|MILLER||||JR|C|W081488962~NM1|82|1|MARCO|DALE-ANN||||XX|1063835361~REF|1L|0701224-015-00714-NB~REF|CE|TRADITIONAL CHOICE~DTM|232|20141215~DTM|233|20141215~DTM|050|20150129~PER|CX||TE|8886323862~AMT|AU|104~SVC|HC^99309|104|12.46||1~DTM|472|20141215~CAS|OA|23|88.42~CAS|PR|2|3.12~REF|6R|1344073885Z1~AMT|B6|76.64~LQ|HE|N192~SE|34|0001~GE|1|891~IEA|1|000000896~