ISA|00|          |00|          |ZZ|ZIRMED         |29|E12705         |150106|0834|U|00401|000001078|0|P|^~GS|HP|ZIRMED|E12705|20150106|0834|1075|X|004010X091A1~ST|835|0001~BPR|I|85.74|C|ACH|CCP|01|081517693|DA|152302017594|1205296137||01|111000025|DA|488038453322|20150106~TRN|1|889271074|1205296137~REF|EV|E12705~DTM|405|20150105~N1|PR|NOVITAS SOLUTIONS, INC.~N3|PO BOX 3110~N4|MECHANICSBURG|PA|170551826~REF|2U|04412~PER|CX||TE|8552528782~N1|PE|TEXAS PHYS HOUSE CALLS PLLC|XX|1124441423~N3|2925 SKYWAY CIRCLE NORTH~N4|IRVING|TX|750383510~REF|TJ|464596181~LX|1~CLP|57-1064|19|294|85.74|21.87|MB|2814349792340|12|1~NM1|QC|1|GARCIA|JUAN|M|||HN|454215554A~NM1|82|1||||||XX|1952728636~NM1|TT|2|TX HEALTH & HUMAN SERVICES COMMI|||||PI|70051~MOA|||MA01|MA07~DTM|050|20141215~SVC|HC^99349|147|85.74||1||2~DTM|472|20141028~CAS|CO|45|37.64||253|1.75~CAS|PR|2|21.87~REF|LU|12~REF|6R|1318258154Z1~AMT|B6|109.36~SVC|HC^99349|147|0||||2~DTM|472|20141028~CAS|OA|18|147~REF|LU|12~REF|6R|1318258154Z1~LQ|HE|N522~SE|35|0001~GE|1|1075~IEA|1|000001078~