ISA|00|          |00|          |ZZ|ZIRMED         |ZZ|AV09311993     |150812|1457|U|00401|000001224|0|P|^~GS|HP|ZIRMED|AV01101957|20150812|1457|1219|X|004010X091A1~ST|835|0001~BPR|I|90.57|C|CHK||||||||||||20150811~TRN|1|C15223339069620|1361236610|CP201508113390696200~REF|EV|TX8355010~DTM|405|20150811~N1|PR|BLUECROSS BLUESHIELD OF TEXAS~N3|P O BOX 660044~N4|DALLAS|TX|752660044~REF|2U|G84980~N1|PE|DFW GERIATRICS PLLC|XX|1063835361~N3|2925 SKYWAY CIR N~N4|IRVING|TX|750383510~REF|TJ|464596718~LX|1~CLP|5797-3530|1|130|90.57|22.64|12|020152175043Y330X00|11|1~NM1|QC|1|JOHNSON|JIRIKA||||MI|CGE820342458~NM1|74|1|||T~NM1|82|1|KETHA|SUMANA||||XX|1962447805~REF|1L|0001068110006~REF|CE|PREFERRED PROVIDER ORGANIZATION~DTM|232|20150612~DTM|233|20150612~DTM|050|20150805~AMT|AU|113.21~SVC|HC^99214|130|90.57||1~DTM|472|20150612~CAS|CO|45|16.79~CAS|PR|2|22.64~REF|6R|1518179445Z1~AMT|B6|113.21~SE|31|0001~GE|1|1219~IEA|1|000001224~