ISA|00|          |00|          |ZZ|ZIRMED         |29|E12705         |150520|0629|U|00401|000000918|0|P|^~GS|HP|ZIRMED|E12705|20150520|0629|913|X|004010X091A1~ST|835|0001~BPR|H|0|C|NON||||||||||||20150520~TRN|1|459222643|1205296137~REF|EV|E12705~DTM|405|20150519~N1|PR|NOVITAS SOLUTIONS, INC.~N3|PO BOX 3110~N4|MECHANICSBURG|PA|170551826~REF|2U|04412~PER|CX||TE|8552528782~N1|PE|DFW GERIATRICS PLLC|XX|1063835361~N3|2925 SKYWAY CIRCLE NORTH~N4|IRVING|TX|750383510~REF|TJ|464596718~LX|1~CLP|6038-2849|1|362|0||MB|2915138016682|11|1~NM1|QC|1|BUTNER|JOANN||||HN|457565807A~NM1|82|1||||||XX|1962447805~MOA|||MA130|MA15~DTM|050|20150518~SVC|HC^95923|252|0||||1~DTM|472|20150430~CAS|CO|16|252~REF|LU|11~REF|6R|1451623913Z2~LQ|HE|MA130~LQ|HE|N265~LQ|HE|N276~LQ|HE|N286~SVC|HC^95921|110|0||||1~DTM|472|20150430~CAS|CO|16|110~REF|LU|11~REF|6R|1451623913Z3~LQ|HE|MA130~LQ|HE|N265~LQ|HE|N276~LQ|HE|N286~SE|39|0001~ST|835|0002~BPR|I|2998.2|C|ACH|CCP|01|081517693|DA|152302017594|1205296137||01|111000025|DA|488038453432|20150520~TRN|1|890223684|1205296137~REF|EV|E12705~DTM|405|20150519~N1|PR|NOVITAS SOLUTIONS, INC.~N3|PO BOX 3110~N4|MECHANICSBURG|PA|170551826~REF|2U|04412~PER|CX||TE|8552528782~N1|PE|DFW GERIATRICS PLLC|XX|1063835361~N3|2925 SKYWAY CIRCLE NORTH~N4|IRVING|TX|750383510~REF|TJ|464596718~LX|1~CLP|420-2721|19|130|72.61|18.52|MB|2815126676920|11|1~NM1|QC|1|AGANON|ASTERIO||||HN|630768999A~NM1|82|1||||||XX|1679978068~NM1|TT|2|ASSURED LIFE ASSOCIATION|||||PI|30281~MOA|||MA01|MA18~DTM|050|20150506~SVC|HC^99214|130|72.61||1~DTM|472|20150401~CAS|CO|45|37.39||253|1.48~CAS|PR|2|18.52~REF|LU|11~REF|6R|1442158992Z1~AMT|B6|92.61~CLP|420-2771|19|130|72.61|18.52|MB|2815126677080|11|1~NM1|QC|1|AGANON|ASTERIO||||HN|630768999A~NM1|82|1||||||XX|1679978068~NM1|TT|2|ASSURED LIFE ASSOCIATION|||||PI|30281~MOA|||MA01|MA18~DTM|050|20150506~SVC|HC^99214|130|72.61||1~DTM|472|20150415~CAS|CO|45|37.39||253|1.48~CAS|PR|2|18.52~REF|LU|11~REF|6R|1442159008Z1~AMT|B6|92.61~CLP|420-2708|19|130|81.14|20.7|MB|2815126677160|11|1~NM1|QC|1|AGANON|ASTERIO||||HN|630768999A~NM1|82|1||||||XX|1962447805~NM1|TT|2|ASSURED LIFE ASSOCIATION|||||PI|30281~MOA|||MA01|MA18~DTM|050|20150506~SVC|HC^99214|130|81.14||1~DTM|472|20150325~CAS|CO|45|26.5||253|1.66~CAS|PR|2|20.7~REF|LU|11~REF|6R|1442176489Z1~AMT|B6|103.5~CLP|559-2749|19|130|72.61|18.52|MB|2815126677100|11|1~NM1|QC|1|AGANON|ROSITA||||HN|630769002A~NM1|82|1||||||XX|1679978068~NM1|TT|2|ASSURED LIFE ASSOCIATION|||||PI|30281~MOA|||MA01|MA18~DTM|050|20150506~SVC|HC^99214|130|72.61||1~DTM|472|20150415~CAS|CO|45|37.39||253|1.48~CAS|PR|2|18.52~REF|LU|11~REF|6R|1442166191Z1~AMT|B6|92.61~CLP|342-2735|19|130|72.61|18.52|MB|2815126677020|11|1~NM1|QC|1|ALLEN|THOMAS||||HN|453825428A~NM1|82|1||||||XX|1679978068~NM1|TT|2|TX HEALTH & HUMAN SERVICES COMMI|||||PI|70051~MOA|||MA01|MA07~DTM|050|20150506~SVC|HC^99214|130|72.61||1~DTM|472|20150410~CAS|CO|45|37.39||253|1.48~CAS|PR|2|18.52~REF|LU|11~REF|6R|1442159002Z1~AMT|B6|92.61~CLP|348-2689|19|492|292.54|74.62|MB|2815126677120|11|1~NM1|QC|1|BEGUM|MAQBOOL||||HN|341889400M~NM1|82|1||||||XX|1962447805~NM1|TT|2|TX HEALTH & HUMAN SERVICES COMMI|||||PI|70051~MOA|||MA01|MA07~DTM|050|20150506~SVC|HC^99214^25|130|81.14||1~DTM|472|20150317~CAS|CO|45|26.5||253|1.66~CAS|PR|2|20.7~REF|LU|11~REF|6R|1442176485Z1~AMT|B6|103.5~SVC|HC^95921|110|66.34||1~DTM|472|20150317~CAS|CO|45|25.39||253|1.35~CAS|PR|2|16.92~REF|LU|11~REF|6R|1442176485Z2~AMT|B6|84.61~SVC|HC^95923|252|145.06||1~DTM|472|20150317~CAS|CO|45|66.98||253|2.96~CAS|PR|2|37~REF|LU|11~REF|6R|1442176485Z3~AMT|B6|185.02~CLP|3301-2728|19|148|82.16|20.96|MB|2815126676960|11|1~NM1|QC|1|BOWENS|JACQUELIN||||HN|238887207A~NM1|82|1||||||XX|1679978068~NM1|TT|2|TX HEALTH & HUMAN SERVICES COMMI|||||PI|70051~MOA|||MA01|MA07~DTM|050|20150506~SVC|HC^99214^25|130|72.61||1~DTM|472|20150406~CAS|CO|45|37.39||253|1.48~CAS|PR|2|18.52~REF|LU|11~REF|6R|1442158996Z1~AMT|B6|92.61~SVC|HC^99406|18|9.55||1~DTM|472|20150406~CAS|CO|45|5.81||253|.2~CAS|PR|2|2.44~REF|LU|11~REF|6R|1442158996Z2~AMT|B6|12.19~CLP|319-2729|1|130|72.61|18.52|MB|2815126676970|11|1~NM1|QC|1|CORTEZ|EDWARD||||HN|449473304A~NM1|82|1||||||XX|1679978068~MOA|||MA01~DTM|050|20150506~SVC|HC^99214|130|72.61||1~DTM|472|20150406~CAS|CO|45|37.39||253|1.48~CAS|PR|2|18.52~REF|LU|11~REF|6R|1442158997Z1~AMT|B6|92.61~CLP|313-2694|19|130|81.14|20.7|MB|2815126677140|11|1~NM1|QC|1|FRICK|TERRY||||HN|467375415A~NM1|82|1||||||XX|1962447805~NM1|TT|2|ARKANSAS MEDICAID PROGRAM|||||PI|70017~MOA|||MA01|MA07~DTM|050|20150506~SVC|HC^99214|130|81.14||1~DTM|472|20150318~CAS|CO|45|26.5||253|1.66~CAS|PR|2|20.7~REF|LU|11~REF|6R|1442176487Z1~AMT|B6|103.5~CLP|5995-2705|1|130|72.61|18.52|MB|2815126677220|11|1~NM1|QC|1|GAUNCE|JOAN||||HN|465980569A~NM1|82|1||||||XX|1679978068~MOA|||MA01~DTM|050|20150506~SVC|HC^99214|130|72.61||1~DTM|472|20150320~CAS|CO|45|37.39||253|1.48~CAS|PR|2|18.52~REF|LU|11~REF|6R|1442180240Z1~AMT|B6|92.61~CLP|403-2768|1|130|81.14|20.7|MB|2815126677060|11|1~NM1|QC|1|GOFF|YOLANDA||||HN|559256714A~NM1|82|1||||||XX|1962447805~MOA|||MA01~DTM|050|20150506~SVC|HC^99214|130|81.14||1~DTM|472|20150407~CAS|CO|45|26.5||253|1.66~CAS|PR|2|20.7~REF|LU|11~REF|6R|1442159006Z1~AMT|B6|103.5~CLP|380-2688|19|492|292.54|74.62|MB|2815126677110|11|1~NM1|QC|1|HAYNES|WILLIAM||||HN|455726510A~NM1|82|1||||||XX|1962447805~NM1|TT|2|TX HEALTH & HUMAN SERVICES COMMI|||||PI|70051~MOA|||MA01|MA07~DTM|050|20150506~SVC|HC^99214^25|130|81.14||1~DTM|472|20150317~CAS|CO|45|26.5||253|1.66~CAS|PR|2|20.7~REF|LU|11~REF|6R|1442176484Z1~AMT|B6|103.5~SVC|HC^95921|110|66.34||1~DTM|472|20150317~CAS|CO|45|25.39||253|1.35~CAS|PR|2|16.92~REF|LU|11~REF|6R|1442176484Z2~AMT|B6|84.61~SVC|HC^95923|252|145.06||1~DTM|472|20150317~CAS|CO|45|66.98||253|2.96~CAS|PR|2|37~REF|LU|11~REF|6R|1442176484Z3~AMT|B6|185.02~CLP|311-2731|19|174|97.88|24.97|MB|2815126676990|11|1~NM1|QC|1|HOLLAND|LEE||||HN|451767936A~NM1|82|1||||||XX|1679978068~NM1|TT|2|TX HEALTH & HUMAN SERVICES COMMI|||||PI|70051~MOA|||MA01|MA15|MA07~DTM|050|20150506~SVC|HC^99215^25|174|97.88||1~DTM|472|20150408~CAS|CO|45|49.15||253|2~CAS|PR|2|24.97~REF|LU|11~REF|6R|1442158999Z1~AMT|B6|124.85~CLP|383-2725|1|130|72.61|18.52|MB|2815126676930|11|1~NM1|QC|1|HUDGINS|NANCY||||HN|509380876A~NM1|82|1||||||XX|1679978068~MOA|||MA01~DTM|050|20150506~SVC|HC^99214|130|72.61||1~DTM|472|20150401~CAS|CO|45|37.39||253|1.48~CAS|PR|2|18.52~REF|LU|11~REF|6R|1442158993Z1~AMT|B6|92.61~CLP|408-2733|19|492|72.61|18.52|MB|2815126677010|11|1~NM1|QC|1|JOHNSON|LINDA||||HN|467634822M~NM1|82|1||||||XX|1679978068~NM1|TT|2|TX HEALTH & HUMAN SERVICES COMMI|||||PI|70051~MOA|||MA01|MA07~DTM|050|20150506~SVC|HC^99214^25|130|72.61||1~DTM|472|20150408~CAS|CO|45|37.39||253|1.48~CAS|PR|2|18.52~REF|LU|11~REF|6R|1442159001Z1~AMT|B6|92.61~SVC|HC^95921|110|0||||1~DTM|472|20150408~CAS|CO|170|110~REF|LU|11~REF|6R|1442159001Z2~SVC|HC^95923|252|0||||1~DTM|472|20150408~CAS|CO|170|252~REF|LU|11~REF|6R|1442159001Z3~CLP|245-2783|19|148|82.16|20.96|MB|2815126677090|11|1~NM1|QC|1|LOVE|VICKIE|S|||HN|458438671A~NM1|82|1||||||XX|1679978068~NM1|TT|2|TX HEALTH & HUMAN SERVICES COMMI|||||PI|70051~MOA|||MA01|MA07~DTM|050|20150506~SVC|HC^99214^25|130|72.61||1~DTM|472|20150408~CAS|CO|45|37.39||253|1.48~CAS|PR|2|18.52~REF|LU|11~REF|6R|1442159009Z1~AMT|B6|92.61~SVC|HC^99406|18|9.55||1~DTM|472|20150408~CAS|CO|45|5.81||253|.2~CAS|PR|2|2.44~REF|LU|11~REF|6R|1442159009Z2~AMT|B6|12.19~CLP|312-2759|1|492|292.54|74.62|MB|2815126677070|11|1~NM1|QC|1|MITCHELL|REBECCA||||HN|562745087A~NM1|82|1||||||XX|1962447805~MOA|||MA01~DTM|050|20150506~SVC|HC^99214^25|130|81.14||1~DTM|472|20150420~CAS|CO|45|26.5||253|1.66~CAS|PR|2|20.7~REF|LU|11~REF|6R|1442159007Z1~AMT|B6|103.5~SVC|HC^95921|110|66.34||1~DTM|472|20150420~CAS|CO|45|25.39||253|1.35~CAS|PR|2|16.92~REF|LU|11~REF|6R|1442159007Z2~AMT|B6|84.61~SVC|HC^95923|252|145.06||1~DTM|472|20150420~CAS|CO|45|66.98||253|2.96~CAS|PR|2|37~REF|LU|11~REF|6R|1442159007Z3~AMT|B6|185.02~CLP|612-2780|1|130|72.61|18.52|MB|2815126677200|11|1~NM1|QC|1|MOODY|LONNIE||||HN|462026222A~NM1|82|1||||||XX|1679978068~MOA|||MA01~DTM|050|20150506~SVC|HC^99214|130|72.61||1~DTM|472|20150302~CAS|CO|45|37.39||253|1.48~CAS|PR|2|18.52~REF|LU|11~REF|6R|1442176493Z1~AMT|B6|92.61~CLP|349-2698|1|88|54.66|13.95|MB|2815126677150|11|1~NM1|QC|1|NEAL|MENFORD||||HN|458524052A~NM1|82|1||||||XX|1962447805~MOA|||MA01~DTM|050|20150506~SVC|HC^99213|88|54.66||1~DTM|472|20150320~CAS|CO|45|18.27||253|1.12~CAS|PR|2|13.95~REF|LU|11~REF|6R|1442176488Z1~AMT|B6|69.73~CLP|314-2727|1|24|15.03|3.83|MB|2815126676950|11|1~NM1|QC|1|PALMER|LARRY||||HN|382562993A~NM1|82|1||||||XX|1962447805~MOA|||MA01~DTM|050|20150506~SVC|HC^99211|24|15.03||1~DTM|472|20150406~CAS|CO|45|4.83||253|.31~CAS|PR|2|3.83~REF|LU|11~REF|6R|1442158995Z1~AMT|B6|19.17~CLP|314-2732|1|130|72.61|18.52|MB|2815126677000|11|1~NM1|QC|1|PALMER|LARRY||||HN|382562993A~NM1|82|1||||||XX|1679978068~MOA|||MA01~DTM|050|20150506~SVC|HC^99214|130|72.61||1~DTM|472|20150408~CAS|CO|45|37.39||253|1.48~CAS|PR|2|18.52~REF|LU|11~REF|6R|1442159000Z1~AMT|B6|92.61~CLP|314-2757|1|53|32.91|8.4|MB|2815126677050|11|1~NM1|QC|1|PALMER|LARRY||||HN|382562993A~NM1|82|1||||||XX|1962447805~MOA|||MA01~DTM|050|20150506~SVC|HC^99212|53|32.91||1~DTM|472|20150420~CAS|CO|45|11.02||253|.67~CAS|PR|2|8.4~REF|LU|11~REF|6R|1442159005Z1~AMT|B6|41.98~CLP|314-2690|1|24|15.03|3.83|MB|2815126677130|11|1~NM1|QC|1|PALMER|LARRY||||HN|382562993A~NM1|82|1||||||XX|1962447805~MOA|||MA01~DTM|050|20150506~SVC|HC^99211|24|15.03||1~DTM|472|20150323~CAS|CO|45|4.83||253|.31~CAS|PR|2|3.83~REF|LU|11~REF|6R|1442176486Z1~AMT|B6|19.17~CLP|314-2712|1|24|15.03|3.83|MB|2815126677170|11|1~NM1|QC|1|PALMER|LARRY||||HN|382562993A~NM1|82|1||||||XX|1962447805~MOA|||MA01~DTM|050|20150506~SVC|HC^99211|24|15.03||1~DTM|472|20150330~CAS|CO|45|4.83||253|.31~CAS|PR|2|3.83~REF|LU|11~REF|6R|1442176490Z1~AMT|B6|19.17~CLP|6034-2765|19|492|292.54|74.62|MB|2815126677190|11|1~NM1|QC|1|POWELL|MARIE||||HN|440502045A~NM1|82|1||||||XX|1962447805~NM1|TT|2|WPS - TRICARE FOR LIFE|||||PI|60000~MOA|||MA01|MA18~DTM|050|20150506~SVC|HC^99214^25|130|81.14||1~DTM|472|20150320~CAS|CO|45|26.5||253|1.66~CAS|PR|2|20.7~REF|LU|11~REF|6R|1442176492Z1~AMT|B6|103.5~SVC|HC^95921|110|66.34||1~DTM|472|20150320~CAS|CO|45|25.39||253|1.35~CAS|PR|2|16.92~REF|LU|11~REF|6R|1442176492Z2~AMT|B6|84.61~SVC|HC^95923|252|145.06||1~DTM|472|20150320~CAS|CO|45|66.98||253|2.96~CAS|PR|2|37~REF|LU|11~REF|6R|1442176492Z3~AMT|B6|185.02~CLP|351-2736|19|130|72.61|18.52|MB|2815126677030|11|1~NM1|QC|1|RASOR|LINDA||||HN|452761409A~NM1|82|1||||||XX|1679978068~NM1|TT|2|TX HEALTH & HUMAN SERVICES COMMI|||||PI|70051~MOA|||MA01|MA07~DTM|050|20150506~SVC|HC^99214|130|72.61||1~DTM|472|20150410~CAS|CO|45|37.39||253|1.48~CAS|PR|2|18.52~REF|LU|11~REF|6R|1442159003Z1~AMT|B6|92.61~CLP|347-2751|19|130|72.61|18.52|MB|2815126677040|11|1~NM1|QC|1|SOTO|JOSE||||HN|453040927A~NM1|82|1||||||XX|1679978068~NM1|TT|2|TX HEALTH & HUMAN SERVICES COMMI|||||PI|70051~MOA|||MA01|MA07~DTM|050|20150506~SVC|HC^99214|130|72.61||1~DTM|472|20150414~CAS|CO|45|37.39||253|1.48~CAS|PR|2|18.52~REF|LU|11~REF|6R|1442159004Z1~AMT|B6|92.61~CLP|382-2718|1|130|72.61|18.52|MB|2815126677180|11|1~NM1|QC|1|TODD|LANA||||HN|449755855A~NM1|82|1||||||XX|1679978068~MOA|||MA01~DTM|050|20150506~SVC|HC^99214|130|72.61||1~DTM|472|20150327~CAS|CO|45|37.39||253|1.48~CAS|PR|2|18.52~REF|LU|11~REF|6R|1442176491Z1~AMT|B6|92.61~CLP|317-2730|1|148|82.16|20.96|MB|2815126676980|11|1~NM1|QC|1|TWILLEY|EDWARD||||HN|458213375A~NM1|82|1||||||XX|1679978068~MOA|||MA01~DTM|050|20150506~SVC|HC^99214^25|130|72.61||1~DTM|472|20150406~CAS|CO|45|37.39||253|1.48~CAS|PR|2|18.52~REF|LU|11~REF|6R|1442158998Z1~AMT|B6|92.61~SVC|HC^99406|18|9.55||1~DTM|472|20150406~CAS|CO|45|5.81||253|.2~CAS|PR|2|2.44~REF|LU|11~REF|6R|1442158998Z2~AMT|B6|12.19~CLP|309-2726|19|161|91.06|23.23|MB|2815126676940|11|1~NM1|QC|1|VANDERPOOL|ADRIAN||||HN|466297262A~NM1|82|1||||||XX|1679978068~NM1|TT|2|TX HEALTH & HUMAN SERVICES COMMI|||||PI|70051~MOA|||MA01|MA15|MA07~DTM|050|20150506~SVC|HC^99214^25|130|72.61||1~DTM|472|20150401~CAS|CO|45|37.39||253|1.48~CAS|PR|2|18.52~REF|LU|11~REF|6R|1442158994Z1~AMT|B6|92.61~SVC|HC^99407|31|18.45||1~DTM|472|20150401~CAS|CO|45|7.46||253|.38~CAS|PR|2|4.71~REF|LU|11~REF|6R|1442158994Z2~AMT|B6|23.54~CLP|422-2756|1|492|72.61|18.52|MB|2815126677240|11|1~NM1|QC|1|WILSON|VIVIAN||||HN|463196861A~NM1|82|1||||||XX|1679978068~MOA|||MA01~DTM|050|20150506~SVC|HC^99214^25|130|72.61||1~DTM|472|20150204~CAS|CO|45|37.39||253|1.48~CAS|PR|2|18.52~REF|LU|11~REF|6R|1442184426Z1~AMT|B6|92.61~SVC|HC^95921|110|0||||1~DTM|472|20150204~CAS|CO|170|110~REF|LU|11~REF|6R|1442184426Z2~SVC|HC^95923|252|0||||1~DTM|472|20150204~CAS|CO|170|252~REF|LU|11~REF|6R|1442184426Z3~SE|508|0002~GE|2|913~IEA|1|000000918~