ISA|00|          |00|          |ZZ|ZIRMED         |29|E12705         |150625|0212|U|00401|000001077|0|P|^~GS|HP|ZIRMED|E12705|20150625|0212|1072|X|004010X091A1~ST|835|0001~BPR|H|0|C|NON||||||||||||20150625~TRN|1|459384431|1205296137~REF|EV|E12705~DTM|405|20150624~N1|PR|NOVITAS SOLUTIONS, INC.~N3|PO BOX 3110~N4|MECHANICSBURG|PA|170551826~REF|2U|04412~PER|CX||TE|8552528782~N1|PE|DFW GERIATRICS PLLC|XX|1063835361~N3|2925 SKYWAY CIRCLE NORTH~N4|IRVING|TX|750383510~REF|TJ|464596718~LX|1~CLP|303-3022|19|130|0|103.5|MB|2815169657490|11|1~NM1|QC|1|CHAMATHIL|VARGHESE||||HN|455714580T~NM1|82|1||||||XX|1962447805~NM1|TT|2|MUTUAL OF OMAHA INSURANCE COMP|||||PI|30090~MOA|||MA01|MA18~DTM|050|20150618~SVC|HC^99214|130|0||1~DTM|472|20150428~CAS|CO|45|26.5~CAS|PR|1|103.5~REF|6R|1477812025Z1~REF|LU|11~AMT|B6|103.5~SE|29|0001~GE|1|1072~IEA|1|000001077~