ISA|00|          |00|          |ZZ|ZIRMED         |29|E12705         |150711|0547|U|00401|000001121|0|P|^~GS|HP|ZIRMED|E12705|20150711|0547|1116|X|004010X091A1~ST|835|0001~BPR|I|795.98|C|ACH|CCP|01|081517693|DA|152302017594|1205296137||01|111000025|DA|488038453432|20150713~TRN|1|890545652|1205296137~REF|EV|E12705~DTM|405|20150710~N1|PR|NOVITAS SOLUTIONS, INC.~N3|PO BOX 3110~N4|MECHANICSBURG|PA|170551826~REF|2U|04412~PER|CX||TE|8552528782~N1|PE|DFW GERIATRICS PLLC|XX|1063835361~N3|2925 SKYWAY CIRCLE NORTH~N4|IRVING|TX|750383510~REF|TJ|464596718~PLB|1063835361|20151231|BN^7620150630000|-795.98~SE|16|0001~ST|835|0002~BPR|I|1642.91|C|ACH|CCP|01|081517693|DA|152302017594|1205296137||01|111000025|DA|488038453432|20150713~TRN|1|890545653|1205296137~REF|EV|E12705~DTM|405|20150710~N1|PR|NOVITAS SOLUTIONS, INC.~N3|PO BOX 3110~N4|MECHANICSBURG|PA|170551826~REF|2U|04412~PER|CX||TE|8552528782~N1|PE|DFW GERIATRICS PLLC|XX|1063835361~N3|2925 SKYWAY CIRCLE NORTH~N4|IRVING|TX|750383510~REF|TJ|464596718~LX|1~CLP|355-1998|19|104|68.25|17.41|MB|2815180470430|32|1~NM1|QC|1|BAILEY|SHERRON|S|||HN|455882871A~NM1|82|1||||||XX|1962447805~NM1|TT|2|TX HEALTH & HUMAN SERVICES COMMI|||||PI|70051~MOA|||MA01|MA07~DTM|050|20150629~SVC|HC^99309|104|68.25||1~DTM|472|20140929~CAS|CO|45|16.95||253|1.39~CAS|PR|2|17.41~REF|6R|1485751608Z1~REF|LU|32~AMT|B6|87.05~CLP|6038-2849|19|386|211.4|53.92|MB|2815180470530|11|1~NM1|QC|1|BUTNER|JOANN||||HN|457565807A~NM1|82|1||||||XX|1962447805~NM1|TT|2|HCSC-BCBS OF TX-FEP B ONLY|||||PI|80012~MOA|||MA01|MA18~DTM|050|20150629~SVC|HC^99211^25|24|0||||1~DTM|472|20150430~CAS|OA|18|24~REF|6R|1485758356Z1~REF|LU|11~LQ|HE|N522~SVC|HC^95923|252|145.06||1~DTM|472|20150430~CAS|CO|45|66.98||253|2.96~CAS|PR|2|37~REF|6R|1485758356Z2~REF|LU|11~AMT|B6|185.02~SVC|HC^95921|110|66.34||1~DTM|472|20150430~CAS|CO|45|25.39||253|1.35~CAS|PR|2|16.92~REF|6R|1485758356Z3~REF|LU|11~AMT|B6|84.61~CLP|9-846|19|109|71.38|18.21|MB|2815180470240|33|1~NM1|QC|1|KISER|BEN||||HN|456687960M~NM1|82|1||||||XX|1962447805~NM1|TT|2|TX HEALTH & HUMAN SERVICES COMMI|||||PI|70051~MOA|||MA01|MA07~DTM|050|20150629~SVC|HC^99335^GW|109|71.38||1~DTM|472|20140804~CAS|CO|45|17.95||253|1.46~CAS|PR|2|18.21~REF|6R|1485719076Z1~REF|LU|33~AMT|B6|91.05~CLP|419-2921|1|264|171.9|43.85|MB|2815180470620|11|1~NM1|QC|1|PITMAN|WANDA||||HN|452401970B~NM1|82|1||||||XX|1962447805~MOA|||MA01~DTM|050|20150629~SVC|HC^93306|264|171.9||1~DTM|472|20150402~CAS|CO|45|44.74||253|3.51~CAS|PR|2|43.85~REF|6R|1485855290Z1~REF|LU|11~AMT|B6|219.26~CLP|346-1949|19|104|68.25|17.41|MB|2815180470320|32|1~NM1|QC|1|SALDANA|LUIS||||HN|465977738A~NM1|82|1||||||XX|1962447805~NM1|TT|2|TX HEALTH & HUMAN SERVICES COMMI|||||PI|70051~MOA|||MA01|MA07~DTM|050|20150629~SVC|HC^99309|104|68.25||1~DTM|472|20140922~CAS|CO|45|16.95||253|1.39~CAS|PR|2|17.41~REF|6R|1485739389Z1~REF|LU|32~AMT|B6|87.05~CLP|346-2231|19|104|68.25|17.41|MB|2815180470330|32|1~NM1|QC|1|SALDANA|LUIS||||HN|465977738A~NM1|82|1||||||XX|1962447805~NM1|TT|2|TX HEALTH & HUMAN SERVICES COMMI|||||PI|70051~MOA|||MA01|MA07~DTM|050|20150629~SVC|HC^99309|104|68.25||1~DTM|472|20141117~CAS|CO|45|16.95||253|1.39~CAS|PR|2|17.41~REF|6R|1485739394Z1~REF|LU|32~AMT|B6|87.05~CLP|346-2126|19|104|68.59|17.5|MB|2815180470340|32|1~NM1|QC|1|SALDANA|LUIS||||HN|465977738A~NM1|82|1||||||XX|1962447805~NM1|TT|2|TX HEALTH & HUMAN SERVICES COMMI|||||PI|70051~MOA|||MA01|MA07~DTM|050|20150629~SVC|HC^99309|104|68.59||1~DTM|472|20150121~CAS|CO|45|16.51||253|1.4~CAS|PR|2|17.5~REF|6R|1485739920Z1~REF|LU|32~AMT|B6|87.49~CLP|346-2531|19|51|33.52|8.55|MB|2815180470350|32|1~NM1|QC|1|SALDANA|LUIS||||HN|465977738A~NM1|82|1||||||XX|1962447805~NM1|TT|2|TX HEALTH & HUMAN SERVICES COMMI|||||PI|70051~MOA|||MA01|MA07~DTM|050|20150629~SVC|HC^99307|51|33.52||1~DTM|472|20150205~CAS|CO|45|8.25||253|.68~CAS|PR|2|8.55~REF|6R|1485740205Z1~REF|LU|32~AMT|B6|42.75~CLP|346-2417|19|193|125.55|32.03|MB|2815180470360|32|1~NM1|QC|1|SALDANA|LUIS||||HN|465977738A~NM1|82|1||||||XX|1962447805~NM1|TT|2|TX HEALTH & HUMAN SERVICES COMMI|||||PI|70051~MOA|||MA01|MA07~DTM|050|20150629~SVC|HC^99306|193|125.55||1~DTM|472|20150212~CAS|CO|45|32.86||253|2.56~CAS|PR|2|32.03~REF|6R|1485740275Z1~REF|LU|32~AMT|B6|160.14~CLP|346-2540|19|104|68.59|17.5|MB|2815180470370|32|1~NM1|QC|1|SALDANA|LUIS||||HN|465977738A~NM1|82|1||||||XX|1962447805~NM1|TT|2|TX HEALTH & HUMAN SERVICES COMMI|||||PI|70051~MOA|||MA01|MA07~DTM|050|20150629~SVC|HC^99309|104|68.59||1~DTM|472|20150216~CAS|CO|45|16.51||253|1.4~CAS|PR|2|17.5~REF|6R|1485740749Z1~REF|LU|32~AMT|B6|87.49~CLP|371-2419|19|104|68.25|17.41|MB|2815180470470|31|1~NM1|QC|1|STEVENS|MERRIE|G|||HN|449068942A~NM1|82|1||||||XX|1962447805~NM1|TT|2|TX HEALTH & HUMAN SERVICES COMMI|||||PI|70051~MOA|||MA01|MA07~DTM|050|20150629~SVC|HC^99309|104|68.25||1~DTM|472|20141230~CAS|CO|45|16.95||253|1.39~CAS|PR|2|17.41~REF|6R|1485754465Z1~REF|LU|31~AMT|B6|87.05~CLP|371-2537|19|121|79.3|20.23|MB|2815180470480|31|1~NM1|QC|1|STEVENS|MERRIE|G|||HN|449068942A~NM1|82|1||||||XX|1962447805~NM1|TT|2|TX HEALTH & HUMAN SERVICES COMMI|||||PI|70051~MOA|||MA01|MA07~DTM|050|20150629~SVC|HC^99316|121|79.3||1~DTM|472|20150212~CAS|CO|45|19.85||253|1.62~CAS|PR|2|20.23~REF|6R|1485754608Z1~REF|LU|31~AMT|B6|101.15~CLP|371-2402|19|104|68.59|17.5|MB|2815180470490|31|1~NM1|QC|1|STEVENS|MERRIE|G|||HN|449068942A~NM1|82|1||||||XX|1962447805~NM1|TT|2|TX HEALTH & HUMAN SERVICES COMMI|||||PI|70051~MOA|||MA01|MA07~DTM|050|20150629~SVC|HC^99309|104|68.59||1~DTM|472|20150129~CAS|CO|45|16.51||253|1.4~CAS|PR|2|17.5~REF|6R|1485754613Z1~REF|LU|31~AMT|B6|87.49~CLP|371-2403|19|79|51.76|13.2|MB|2815180470500|31|1~NM1|QC|1|STEVENS|MERRIE|G|||HN|449068942A~NM1|82|1||||||XX|1962447805~NM1|TT|2|TX HEALTH & HUMAN SERVICES COMMI|||||PI|70051~MOA|||MA01|MA07~DTM|050|20150629~SVC|HC^99308|79|51.76||1~DTM|472|20150203~CAS|CO|45|12.98||253|1.06~CAS|PR|2|13.2~REF|6R|1485754617Z1~REF|LU|31~AMT|B6|66.02~CLP|371-2221|19|104|68.59|17.5|MB|2815180470510|31|1~NM1|QC|1|STEVENS|MERRIE|G|||HN|449068942A~NM1|82|1||||||XX|1962447805~NM1|TT|2|TX HEALTH & HUMAN SERVICES COMMI|||||PI|70051~MOA|||MA01|MA07~DTM|050|20150629~SVC|HC^99309|104|68.59||1~DTM|472|20150108~CAS|CO|45|16.51||253|1.4~CAS|PR|2|17.5~REF|6R|1485754745Z1~REF|LU|31~AMT|B6|87.49~CLP|371-2235|19|104|68.59|17.5|MB|2815180470520|31|1~NM1|QC|1|STEVENS|MERRIE|G|||HN|449068942A~NM1|82|1||||||XX|1962447805~NM1|TT|2|TX HEALTH & HUMAN SERVICES COMMI|||||PI|70051~MOA|||MA01|MA07~DTM|050|20150629~SVC|HC^99309|104|68.59||1~DTM|472|20150115~CAS|CO|45|16.51||253|1.4~CAS|PR|2|17.5~REF|6R|1485754746Z1~REF|LU|31~AMT|B6|87.49~CLP|359-2030|1|155|90.82|23.17|MB|2815180470390|31|1~NM1|QC|1|STROUD|LESLIE||||HN|572448337A~NM1|82|1||||||XX|1952303547~MOA|||MA01~DTM|050|20150629~SVC|HC^99310|155|90.82||1~DTM|472|20141223~CAS|CO|45|39.16||253|1.85~CAS|PR|2|23.17~REF|6R|1485750975Z1~REF|LU|31~AMT|B6|115.84~CLP|359-2025|1|104|61.37|15.66|MB|2815180470400|31|1~NM1|QC|1|STROUD|LESLIE||||HN|572448337A~NM1|82|1||||||XX|1952303547~MOA|||MA01~DTM|050|20150629~SVC|HC^99309|104|61.37||1~DTM|472|20150109~CAS|CO|45|25.72||253|1.25~CAS|PR|2|15.66~REF|6R|1485750983Z1~REF|LU|31~AMT|B6|78.28~CLP|359-2129|1|104|68.59|17.5|MB|2815180470410|31|1~NM1|QC|1|STROUD|LESLIE||||HN|572448337A~NM1|82|1||||||XX|1962447805~MOA|||MA01~DTM|050|20150629~SVC|HC^99309|104|68.59||1~DTM|472|20150115~CAS|CO|45|16.51||253|1.4~CAS|PR|2|17.5~REF|6R|1485750986Z1~REF|LU|31~AMT|B6|87.49~CLP|359-2261|1|104|61.37|15.66|MB|2815180470420|31|1~NM1|QC|1|STROUD|LESLIE||||HN|572448337A~NM1|82|1||||||XX|1952303547~MOA|||MA01~DTM|050|20150629~SVC|HC^99309|104|61.37||1~DTM|472|20150122~CAS|CO|45|25.72||253|1.25~CAS|PR|2|15.66~REF|6R|1485751028Z1~REF|LU|31~AMT|B6|78.28~SE|284|0002~GE|2|1116~IEA|1|000001121~