ISA|00|          |00|          |ZZ|ZIRMED         |ZZ|AV09311993     |150527|1904|U|00401|000000983|0|P|^~GS|HP|ZIRMED|AV01101957|20150527|1904|978|X|004010X091A1~ST|835|0001~BPR|I|148.42|C|CHK||||||||||||20150526~TRN|1|C15146336949220|1361236610|CP201505263369492200~REF|EV|TX8355010~DTM|405|20150526~N1|PR|BLUECROSS BLUESHIELD OF TEXAS~N3|P O BOX 660044~N4|DALLAS|TX|752660044~REF|2U|G84980~N1|PE|DFW GERIATRICS PLLC|XX|1063835361~N3|2925 SKYWAY CIR N~N4|IRVING|TX|750383510~REF|TJ|464596718~LX|1~CLP|554-2897|1|130|73.21|40|12|020151405070U430X00|11|1~NM1|QC|1|FLORES|BRIDGET||||MI|ZGP820219090~NM1|74|1|||A~NM1|82|1|KETHA|SUMANA||||XX|1962447805~REF|1L|0001494700000~REF|CE|PREFERRED PROVIDER ORGANIZATION~DTM|232|20150512~DTM|233|20150512~DTM|050|20150520~AMT|AU|113.21~SVC|HC^99214|130|73.21||1~DTM|472|20150512~CAS|CO|45|16.79~CAS|PR|1|40~REF|6R|1454220771Z1~AMT|B6|113.21~LX|2~CLP|5678-2877|1|130|75.21|38|12|0201514050966G30X00|11|1~NM1|QC|1|HARRIS|MARY||||MI|UXE905620421~NM1|82|1|KETHA|SUMANA||||XX|1962447805~REF|1L|000ZGPPOX0000~REF|CE|PREFERRED PROVIDER ORGANIZATION~DTM|232|20150309~DTM|233|20150309~DTM|050|20150520~AMT|AU|113.21~SVC|HC^99214|130|75.21||1~DTM|472|20150309~CAS|CO|45|16.79~CAS|PR|2|38~REF|6R|1454344555Z1~AMT|B6|113.21~SE|47|0001~GE|1|978~IEA|1|000000983~