ISA|00|          |00|          |ZZ|ZIRMED         |29|E12705         |150409|0351|U|00401|000000753|0|P|^~GS|HP|ZIRMED|E12705|20150409|0351|748|X|004010X091A1~ST|835|0001~BPR|I|40.52|C|ACH|CCP|01|081517693|DA|152302017594|1205296137||01|111000025|DA|488038453432|20150409~TRN|1|889941087|1205296137~REF|EV|E12705~DTM|405|20150408~N1|PR|NOVITAS SOLUTIONS, INC.~N3|PO BOX 3110~N4|MECHANICSBURG|PA|170551826~REF|2U|04412~PER|CX||TE|8552528782~N1|PE|DFW GERIATRICS PLLC|XX|1063835361~N3|2925 SKYWAY CIRCLE NORTH~N4|IRVING|TX|750383510~REF|TJ|464596718~LX|1~CLP|160-2439|19|70|40.52|10.34|MB|2815085779460|33|1~NM1|QC|1|HILTON|MAECEIL||||HN|450608307A~NM1|82|1||||||XX|1952303547~NM1|TT|2|MUTUAL OF OMAHA INSURANCE COMP|||||PI|30090~MOA|||MA01|MA18~DTM|050|20150326~SVC|HC^99334|70|40.52||1~DTM|472|20150204~CAS|CO|45|18.31||253|.83~CAS|PR|2|10.34~REF|LU|33~REF|6R|1407633433Z1~AMT|B6|51.69~SE|29|0001~GE|1|748~IEA|1|000000753~