ISA|00|          |00|          |ZZ|ZIRMED         |29|E12705         |150804|0437|U|00401|000001205|0|P|^~GS|HP|ZIRMED|E12705|20150804|0437|1200|X|004010X091A1~ST|835|0001~BPR|H|0|C|NON||||||||||||20150804~TRN|1|459556099|1205296137~REF|EV|E12705~DTM|405|20150803~N1|PR|NOVITAS SOLUTIONS, INC.~N3|PO BOX 3110~N4|MECHANICSBURG|PA|170551826~REF|2U|04412~PER|CX||TE|8552528782~N1|PE|DFW GERIATRICS PLLC|XX|1063835361~N3|2925 SKYWAY CIRCLE NORTH~N4|IRVING|TX|750383510~REF|TJ|464596718~LX|1~CLP|245-3472|1|130|0||MB|2815194603210|11|1~NM1|QC|1|LOVE|VICKIE|S|||HN|458438671A~NM1|82|1||||||XX|1679978068~MOA|||MA01~DTM|050|20150713~SVC|HC^99214|130|0||||1~DTM|472|20150706~CAS|CO|109|130~REF|6R|1497813140Z1~REF|LU|11~SE|26|0001~ST|835|0002~BPR|I|496.99|C|ACH|CCP|01|081517693|DA|152302017594|1205296137||01|111000025|DA|488038453432|20150804~TRN|1|890694314|1205296137~REF|EV|E12705~DTM|405|20150803~N1|PR|NOVITAS SOLUTIONS, INC.~N3|PO BOX 3110~N4|MECHANICSBURG|PA|170551826~REF|2U|04412~PER|CX||TE|8552528782~N1|PE|DFW GERIATRICS PLLC|XX|1063835361~N3|2925 SKYWAY CIRCLE NORTH~N4|IRVING|TX|750383510~REF|TJ|464596718~LX|1~CLP|6026-3495|1|47|31.09|7.93|MB|2815202675650|11|1~NM1|QC|1|HEIDLEBERG|GEORGE||||HN|461465630A~NM1|82|1||||||XX|1962447805~MOA|||MA01~DTM|050|20150721~SVC|HC^G0179|47|31.09||1~DTM|472|20150511~CAS|CO|45|7.35||253|.63~CAS|PR|2|7.93~REF|6R|1504923086Z1~REF|LU|11~AMT|B6|39.65~CLP|6026-3497|1|124|81.13|20.7|MB|2815202675660|11|1~NM1|QC|1|HEIDLEBERG|GEORGE||||HN|461465630A~NM1|82|1||||||XX|1962447805~MOA|||MA01~DTM|050|20150721~SVC|HC^G0181|124|81.13||1~DTM|472|20150630~CAS|CO|45|20.51||253|1.66~CAS|PR|2|20.7~REF|6R|1504923087Z1~REF|LU|11~AMT|B6|103.49~CLP|350-3494|19|61|40.62|10.36|MB|2815202675610|11|1~NM1|QC|1|HIGGS|CYNTHIA|G|||HN|460217469A~NM1|82|1||||||XX|1962447805~NM1|TT|2|TX HEALTH & HUMAN SERVICES COMMI|||||PI|70051~MOA|||MA01|MA07~DTM|050|20150721~SVC|HC^G0180|61|40.62||1~DTM|472|20150703~CAS|CO|45|9.19||253|.83~CAS|PR|2|10.36~REF|6R|1504892253Z1~REF|LU|11~AMT|B6|51.81~CLP|307-3501|19|124|72.6|18.52|MB|2815202675680|11|1~NM1|QC|1|NEAL|CHESTER||||HN|441625131A~NM1|82|1||||||XX|1679978068~NM1|TT|2|TX HEALTH & HUMAN SERVICES COMMI|||||PI|70051~MOA|||MA01|MA07~DTM|050|20150721~SVC|HC^G0181|124|72.6||1~DTM|472|20150531~CAS|CO|45|31.4||253|1.48~CAS|PR|2|18.52~REF|6R|1504924836Z1~REF|LU|11~AMT|B6|92.6~CLP|307-3502|19|47|31.09|7.93|MB|2815202675690|11|1~NM1|QC|1|NEAL|CHESTER||||HN|441625131A~NM1|82|1||||||XX|1962447805~NM1|TT|2|TX HEALTH & HUMAN SERVICES COMMI|||||PI|70051~MOA|||MA01|MA07~DTM|050|20150721~SVC|HC^G0179|47|31.09||1~DTM|472|20150627~CAS|CO|45|7.35||253|.63~CAS|PR|2|7.93~REF|6R|1504924838Z1~REF|LU|11~AMT|B6|39.65~CLP|307-3503|19|124|72.6|18.52|MB|2815202675700|11|1~NM1|QC|1|NEAL|CHESTER||||HN|441625131A~NM1|82|1||||||XX|1679978068~NM1|TT|2|TX HEALTH & HUMAN SERVICES COMMI|||||PI|70051~MOA|||MA01|MA07~DTM|050|20150721~SVC|HC^G0181|124|72.6||1~DTM|472|20150630~CAS|CO|45|31.4||253|1.48~CAS|PR|2|18.52~REF|6R|1504924839Z1~REF|LU|11~AMT|B6|92.6~CLP|314-3488|1|24|15.11|3.85|MB|2815202675590|11|1~NM1|QC|1|PALMER|LARRY||||HN|382562993A~NM1|82|1||||||XX|1962447805~MOA|||MA01~DTM|050|20150721~SVC|HC^99211|24|15.11||1~DTM|472|20150713~CAS|CO|45|4.73||253|.31~CAS|PR|2|3.85~REF|6R|1504888197Z1~REF|LU|11~AMT|B6|19.27~CLP|352-3505|1|47|31.24|7.97|MB|2815202675710|11|1~NM1|QC|1|RAYMOND|JAMES||||HN|565788029A~NM1|82|1||||||XX|1962447805~MOA|||MA01~DTM|050|20150721~SVC|HC^G0179|47|31.24||1~DTM|472|20150716~CAS|CO|45|7.15||253|.64~CAS|PR|2|7.97~REF|6R|1504925786Z1~REF|LU|11~AMT|B6|39.85~CLP|352-3508|1|124|72.6|18.52|MB|2815202675720|11|1~NM1|QC|1|RAYMOND|JAMES||||HN|565788029A~NM1|82|1||||||XX|1679978068~MOA|||MA01~DTM|050|20150721~SVC|HC^G0181|124|72.6||1~DTM|472|20150630~CAS|CO|45|31.4||253|1.48~CAS|PR|2|18.52~REF|6R|1504925787Z1~REF|LU|11~AMT|B6|92.6~CLP|422-3491|1|88|48.91|12.48|MB|2815202675600|11|1~NM1|QC|1|WILSON|VIVIAN||||HN|463196861A~NM1|82|1||||||XX|1679978068~MOA|||MA01~DTM|050|20150721~SVC|HC^99213|88|48.91||1~DTM|472|20150602~CAS|CO|45|25.61||253|1~CAS|PR|2|12.48~REF|6R|1504889860Z1~REF|LU|11~AMT|B6|62.39~SE|140|0002~GE|2|1200~IEA|1|000001205~