ISA|00|          |00|          |ZZ|ZIRMED         |ZZ|AV09311993     |150101|1846|U|00401|000000421|0|P|^~GS|HP|ZIRMED|AV01101957|20150101|1846|416|X|004010X091A1~ST|835|0001~BPR|I|58.56|C|CHK||||||||||||20141231~TRN|1|C14365117334500|1361236610|CP201412311173345000~REF|EV|TX8355010~DTM|405|20141231~N1|PR|BLUECROSS BLUESHIELD OF TEXAS~N3|P O BOX 660044~N4|DALLAS|TX|752660044~REF|2U|G84980~N1|PE|DFW GERIATRICS PLLC|XX|1063835361~N3|2925 SKYWAY CIR N~N4|IRVING|TX|750383510~REF|TJ|464596718~LX|1~CLP|139-434|2|104|15.58||ZZ|0201436457G43510X00|31|1~NM1|QC|1|BUTNER|JOANN||||MI|R02401367~NM1|IL|1|BUTNER|JOANN||||MI|R02401367~NM1|82|1|MARCO|DALE|A|||XX|1952303547~REF|1L|0000FEPTX0102~REF|CE|MEDICARE CROSSOVER CLAIM~DTM|232|20140731~DTM|233|20140731~DTM|050|20141230~AMT|AU|77.89~SVC|HC^99309|104|15.58||1~DTM|472|20140731~CAS|CO|23|26.11~CAS|OA|23|62.31~REF|6R|1315914318Z1~AMT|B6|77.89~LX|2~CLP|204-443|2|104|15.58||ZZ|0201436457G43450X00|31|1~NM1|QC|1|MCCLURG|MARY|A|||MI|R02369803~NM1|82|1|MARCO|DALE|A|||XX|1952303547~REF|1L|0000FEPTX0102~REF|CE|MEDICARE CROSSOVER CLAIM~DTM|232|20140728~DTM|233|20140728~DTM|050|20141230~AMT|AU|77.89~SVC|HC^99309|104|15.58||1~DTM|472|20140728~CAS|CO|23|26.11~CAS|OA|23|62.31~REF|6R|1315916680Z1~AMT|B6|77.89~LX|3~CLP|204-476|2|104|15.58||ZZ|0201436457G44450X00|31|1~NM1|QC|1|MCCLURG|MARY|A|||MI|R02369803~NM1|82|1|MARCO|DALE|A|||XX|1952303547~REF|1L|0000FEPTX0102~REF|CE|MEDICARE CROSSOVER CLAIM~DTM|232|20140804~DTM|233|20140804~DTM|050|20141230~AMT|AU|77.89~SVC|HC^99309|104|15.58||1~DTM|472|20140804~CAS|CO|23|26.11~CAS|OA|23|62.31~REF|6R|1315922474Z1~AMT|B6|77.89~LX|4~CLP|204-497|2|79|11.82||ZZ|0201436457G44470X00|31|1~NM1|QC|1|MCCLURG|MARY|A|||MI|R02369803~NM1|82|1|MARCO|DALE|A|||XX|1952303547~REF|1L|0000FEPTX0102~REF|CE|MEDICARE CROSSOVER CLAIM~DTM|232|20140806~DTM|233|20140806~DTM|050|20141230~AMT|AU|59.12~SVC|HC^99308|79|11.82||1~DTM|472|20140806~CAS|CO|23|19.88~CAS|OA|23|47.3~REF|6R|1315922500Z1~AMT|B6|59.12~SE|79|0001~GE|1|416~IEA|1|000000421~