ISA|00|          |00|          |ZZ|ZIRMED         |ZZ|11             |150930|0917|U|00401|000001414|0|P|^~GS|HP|ZIRMED|FIS123456789|20150930|0917|1409|X|004010X091A1~ST|835|0001~BPR|I|688.92|C|ACH|CCP|01|092904554|DA|150097034071|1201494502||01|111000025|DA|488038453432|20150929~TRN|1|EFT2847584|1201494502~REF|EV|FIS123456789~REF|F2|TXMC QNXT~DTM|405|20150928~N1|PR|MOLINA HEALTHCARE OF TEXAS, INC~N3|2505 N. STATE HIGHWAY 360|STE 300~N4|GRAND PRAIRIE|TX|75050~N1|PE|DFW PRIMARY CARE PLLC|XX|1063835361~N3|2925 SKYWAY CICLE NORTH~N4|IRVING|TX|750383510~REF|TJ|464596718~LX|1~CLP|1458-3875|1|442|290.78||MC|15266941345~NM1|QC|1|CARTER|ARTIE|J|||MI|525060269~NM1|82|1|KETHA|SUMANA||||XX|1962447805~REF|CE|TQMBPL6979~DTM|232|20150921~DTM|233|20150921~DTM|050|20150923~AMT|AU|442~SVC|HC^99214^25|130|46.73||1~DTM|472|20150921~CAS|CO|45|83.27~REF|6R|1559573087Z1~AMT|B6|46.73~SVC|HC^69210|56|37.42||1~DTM|472|20150921~CAS|CO|45|18.58~REF|6R|1559573087Z2~AMT|B6|37.42~SVC|HC^94760|4|0||1~DTM|472|20150921~CAS|CO|234|4~REF|6R|1559573087Z3~LQ|HE|M15~SVC|HC^95923|252|206.63||1~DTM|472|20150921~CAS|CO|45|45.37~REF|6R|1559573087Z4~AMT|B6|206.63~CLP|3915-3885|1|467|279.02||MC|15267924540~NM1|QC|1|KINNEY|KAREN|L|||MI|512372992~NM1|82|1|KETHA|SUMANA||||XX|1962447805~REF|CE|TQMBPL6979~DTM|232|20150922~DTM|233|20150922~DTM|050|20150924~AMT|AU|467~SVC|HC^99214^25|130|46.73||1~DTM|472|20150922~CAS|CO|45|83.27~REF|6R|1560591006Z1~AMT|B6|46.73~SVC|HC^90654|23|17.82||1~DTM|472|20150922~CAS|CO|45|5.18~REF|6R|1560591006Z2~AMT|B6|17.82~SVC|HC^90471|33|7.84||1~DTM|472|20150922~CAS|CO|45|25.16~REF|6R|1560591006Z3~AMT|B6|7.84~SVC|HC^96372|29|0||1~DTM|472|20150922~CAS|CO|16|29~REF|6R|1560591006Z4~LQ|HE|N56~SVC|HC^95923|252|206.63||1~DTM|472|20150922~CAS|CO|45|45.37~REF|6R|1560591006Z5~AMT|B6|206.63~CLP|2016-3882|1|215|72.39||MC|15267924544~NM1|QC|1|GILHART|JOHN|C|||MI|530427610~NM1|82|1|KETHA|SUMANA||||XX|1962447805~REF|CE|TQMBPL6979~DTM|232|20150922~DTM|233|20150922~DTM|050|20150924~AMT|AU|215~SVC|HC^99214^25|130|46.73||1~DTM|472|20150922~CAS|CO|45|83.27~REF|6R|1560593352Z1~AMT|B6|46.73~SVC|HC^90654|23|17.82||1~DTM|472|20150922~CAS|CO|45|5.18~REF|6R|1560593352Z2~AMT|B6|17.82~SVC|HC^90471|33|7.84||1~DTM|472|20150922~CAS|CO|45|25.16~REF|6R|1560593352Z3~AMT|B6|7.84~SVC|HC^96372|29|0||1~DTM|472|20150922~CAS|CO|16|29~REF|6R|1560593352Z4~LQ|HE|N56~CLP|553-3895|1|130|46.73||MC|15268857341~NM1|QC|1|LARGE|BILLY|W|||MI|615579278~NM1|82|1|KETHA|SUMANA||||XX|1962447805~REF|CE|TQMBPL6979~DTM|232|20150824~DTM|233|20150824~DTM|050|20150925~AMT|AU|130~SVC|HC^99214|130|46.73||1~DTM|472|20150824~CAS|CO|45|83.27~REF|6R|1561819907Z1~AMT|B6|46.73~SE|117|0001~GE|1|1409~IEA|1|000001414~