ISA|00|          |00|          |ZZ|ZIRMED         |29|E12705         |150729|0436|U|00401|000001197|0|P|^~GS|HP|ZIRMED|E12705|20150729|0436|1192|X|004010X091A1~ST|835|0001~BPR|I|761.8|C|ACH|CCP|01|081517693|DA|152302017594|1205296137||01|111000025|DA|488038453432|20150729~TRN|1|890658177|1205296137~REF|EV|E12705~DTM|405|20150728~N1|PR|NOVITAS SOLUTIONS, INC.~N3|PO BOX 3110~N4|MECHANICSBURG|PA|170551826~REF|2U|04412~PER|CX||TE|8552528782~N1|PE|DFW GERIATRICS PLLC|XX|1063835361~N3|2925 SKYWAY CIRCLE NORTH~N4|IRVING|TX|750383510~REF|TJ|464596718~LX|1~CLP|251-927|1|193|126.15|32.18|MB|2815196612220|32|1~NM1|QC|1|DURHAM|EMANUEL||||HN|454787983A~NM1|82|1||||||XX|1962447805~MOA|||MA01~DTM|050|20150715~SVC|HC^99306|193|126.15||1~DTM|472|20140922~CAS|CO|45|32.1||253|2.57~CAS|PR|2|32.18~REF|6R|1500442378Z1~REF|LU|32~AMT|B6|160.9~CLP|3165-3483|19|47|31.09|7.93|MB|2815196143160|11|1~NM1|QC|1|GARNER|BOBBY||||HN|435769496A~NM1|82|1||||||XX|1962447805~NM1|TT|2|HCSC-BCBS OF TEXAS-STD A & B|||||PI|30028~MOA|||MA01|MA18~DTM|050|20150715~SVC|HC^G0179|47|31.09||1~DTM|472|20150628~CAS|CO|45|7.35||253|.63~CAS|PR|2|7.93~REF|6R|1499939579Z1~REF|LU|11~AMT|B6|39.65~CLP|220-638|19|109|63.87|16.29|MB|2815196612250|33|1~NM1|QC|1|HOLCOMB|MICKEY|S|||HN|452969456M~NM1|82|1||||||XX|1952303547~NM1|TT|2|TX HEALTH & HUMAN SERVICES COMMI|||||PI|70051~MOA|||MA01|MA07~DTM|050|20150715~SVC|HC^99335|109|63.87||1~DTM|472|20140911~CAS|CO|45|27.54||253|1.3~CAS|PR|2|16.29~REF|6R|1500522680Z1~REF|LU|33~AMT|B6|81.46~CLP|220-1032|19|104|68.25|17.41|MB|2815196612270|31|1~NM1|QC|1|HOLCOMB|MICKEY|S|||HN|452969456M~NM1|82|1||||||XX|1962447805~NM1|TT|2|TX HEALTH & HUMAN SERVICES COMMI|||||PI|70051~MOA|||MA01|MA07~DTM|050|20150715~SVC|HC^99309|104|68.25||1~DTM|472|20140924~CAS|CO|45|16.95||253|1.39~CAS|PR|2|17.41~REF|6R|1500522682Z1~REF|LU|31~AMT|B6|87.05~CLP|53-2240|19|193|125.55|32.03|MB|2815196612230|32|1~NM1|QC|1|HOLLAND|TRUDY||||HN|465045111A~NM1|82|1||||||XX|1962447805~NM1|TT|2|TX HEALTH & HUMAN SERVICES COMMI|||||PI|70051~MOA|||MA01|MA07~DTM|050|20150715~SVC|HC^99306|193|125.55||1~DTM|472|20150121~CAS|CO|45|32.86||253|2.56~CAS|PR|2|32.03~REF|6R|1500451167Z1~REF|LU|32~AMT|B6|160.14~CLP|131-854|19|109|71.38|18.21|MB|2815196612240|33|1~NM1|QC|1|JOHNSON|GEORGE||||HN|451619160A~NM1|82|1||||||XX|1962447805~NM1|TT|2|TX HEALTH & HUMAN SERVICES COMMI|||||PI|70051~MOA|||MA01|MA07~DTM|050|20150715~SVC|HC^99335|109|71.38||1~DTM|472|20140804~CAS|CO|45|17.95||253|1.46~CAS|PR|2|18.21~REF|6R|1500468536Z1~REF|LU|33~AMT|B6|91.05~CLP|408-2649|19|148|82.16|20.96|MB|2815196143130|11|1~NM1|QC|1|JOHNSON|LINDA||||HN|467634822M~NM1|82|1||||||XX|1679978068~NM1|TT|2|TX HEALTH & HUMAN SERVICES COMMI|||||PI|70051~MOA|||MA01|MA07~DTM|050|20150715~SVC|HC^99214^25|130|72.61||1~DTM|472|20150316~CAS|CO|45|37.39||253|1.48~CAS|PR|2|18.52~REF|6R|1499938396Z1~REF|LU|11~AMT|B6|92.61~SVC|HC^99406|18|9.55||1~DTM|472|20150316~CAS|CO|45|5.81||253|.2~CAS|PR|2|2.44~REF|6R|1499938396Z2~REF|LU|11~AMT|B6|12.19~CLP|310-3449|19|124|81.13|20.7|MB|2815196143180|11|1~NM1|QC|1|REED|LATOSHA||||HN|454497150A~NM1|82|1||||||XX|1962447805~NM1|TT|2|TX HEALTH & HUMAN SERVICES COMMI|||||PI|70051~MOA|||MA01|MA07~DTM|050|20150715~SVC|HC^G0181|124|81.13||1~DTM|472|20150630~CAS|CO|45|20.51||253|1.66~CAS|PR|2|20.7~REF|6R|1499963863Z1~REF|LU|11~AMT|B6|103.49~CLP|347-3446|19|47|31.09|7.93|MB|2815196143140|11|1~NM1|QC|1|SOTO|JOSE||||HN|453040927A~NM1|82|1||||||XX|1962447805~NM1|TT|2|TX HEALTH & HUMAN SERVICES COMMI|||||PI|70051~MOA|||MA01|MA07~DTM|050|20150715~SVC|HC^G0179|47|31.09||1~DTM|472|20150621~CAS|CO|45|7.35||253|.63~CAS|PR|2|7.93~REF|6R|1499939107Z1~REF|LU|11~AMT|B6|39.65~CLP|347-3447|19|124|81.13|20.7|MB|2815196143150|11|1~NM1|QC|1|SOTO|JOSE||||HN|453040927A~NM1|82|1||||||XX|1962447805~NM1|TT|2|TX HEALTH & HUMAN SERVICES COMMI|||||PI|70051~MOA|||MA01|MA07~DTM|050|20150715~SVC|HC^G0181|124|81.13||1~DTM|472|20150630~CAS|CO|45|20.51||253|1.66~CAS|PR|2|20.7~REF|6R|1499939108Z1~REF|LU|11~AMT|B6|103.49~SE|152|0001~GE|1|1192~IEA|1|000001197~