ISA|00|          |00|          |ZZ|ZIRMED         |30|611340767      |150728|0900|U|00401|000001196|0|P|^~GS|HP|ZIRMED|611340767|20150728|0900|1191|X|004010X091A1~ST|835|0001~BPR|I|31.15|C|ACH|CCP|01|011900445|DA|0000009046|1066033492||01|111000025|DA|488038453432|20150731~TRN|1|815208550004300|1066033492~REF|EV|611340767~DTM|405|20150728~N1|PR|AETNA~N3|151 FARMINGTON AVENUE~N4|HARTFORD|CT|06156~N1|PE|KETHA, SUMANA|XX|1063835361~N3|2925 SKYWAY CIR N~N4|IRVING|TX|750383510~REF|PQ|762610840~REF|TJ|464596718~LX|1~TS3|1063835361|31|20151231|2|259~CLP|392-2463|2|155|18.62|4.66|15|EQJLNTRPF0000|31|1~NM1|QC|1|TRAVIS|DOLORES|A|||MI|449620738B~NM1|74|1||||||C|W093746050~NM1|82|1|MARCO|DALE-ANN||||XX|1063835361~REF|1L|0895980-030-00100-CI~REF|CE|TRADITIONAL CHOICE~DTM|232|20150202~DTM|233|20150202~DTM|050|20150724~PER|CX||TE|8886323862~AMT|AU|155~SVC|HC^99310|155|18.62||1~DTM|472|20150202~CAS|OA|23|131.72~CAS|PR|2|4.66~REF|6R|1493874074Z1~AMT|B6|114.54~LQ|HE|N192~CLP|392-2464|2|104|12.53|3.13|15|EQ35NSH8C0000|31|1~NM1|QC|1|TRAVIS|DOLORES|A|||MI|449620738B~NM1|74|1||||||C|W093746050~NM1|82|1|MARCO|DALE-ANN||||XX|1063835361~REF|1L|0895980-030-00100-CI~REF|CE|TRADITIONAL CHOICE~DTM|232|20150209~DTM|233|20150209~DTM|050|20150724~PER|CX||TE|8886323862~AMT|AU|104~SVC|HC^99309|104|12.53||1~DTM|472|20150209~CAS|OA|23|88.34~CAS|PR|2|3.13~REF|6R|1493874070Z1~AMT|B6|77.03~LQ|HE|N192~SE|52|0001~GE|1|1191~IEA|1|000001196~