ISA|00|          |00|          |ZZ|ZIRMED         |ZZ|AV09311993     |150624|1702|U|00401|000001075|0|P|^~GS|HP|ZIRMED|AV01101957|20150624|1702|1070|X|004010X091A1~ST|835|0001~BPR|I|210.35|C|CHK||||||||||||20150623~TRN|1|C15174337718340|1361236610|CP201506233377183400~REF|EV|TX8355010~DTM|405|20150623~N1|PR|BLUECROSS BLUESHIELD OF TEXAS~N3|P O BOX 660044~N4|DALLAS|TX|752660044~REF|2U|G84980~N1|PE|DFW GERIATRICS PLLC|XX|1063835361~N3|2925 SKYWAY CIR N~N4|IRVING|TX|750383510~REF|TJ|464596718~LX|1~CLP|5678-2974|1|148|85.48|42.4|12|0201516750U33660X00|11|1~NM1|QC|1|HARRIS|MARY||||MI|UXE905620421~NM1|82|1|KETHA|SUMANA||||XX|1962447805~REF|1L|000ZGPPOX0000~REF|CE|PREFERRED PROVIDER ORGANIZATION~DTM|232|20150605~DTM|233|20150605~DTM|050|20150616~AMT|AU|127.88~SVC|HC^99214^25|130|75.21||1~DTM|472|20150605~CAS|CO|45|16.79~CAS|PR|2|38~REF|6R|1475879920Z1~AMT|B6|113.21~SVC|HC^99406|18|10.27||1~DTM|472|20150605~CAS|CO|45|3.33~CAS|PR|2|4.4~REF|6R|1475879920Z2~AMT|B6|14.67~LX|2~CLP|2964-3000|1|145|124.87||12|02015173509087P0X00|11|1~NM1|QC|1|HERNANDEZ|MARCELA||||MI|ZGP833300387~NM1|82|1|KETHA|SUMANA||||XX|1962447805~REF|1L|0000970390003~REF|CE|PREFERRED PROVIDER ORGANIZATION~DTM|232|20141223~DTM|233|20141223~DTM|050|20150622~AMT|AU|124.87~SVC|HC^99395|145|124.87||1~DTM|472|20141223~CAS|CO|45|20.13~REF|6R|1479739749Z1~AMT|B6|124.87~LX|3~CLP|2256-2992|1|130|0|113.21|12|0201516750U45770X00|11|1~NM1|QC|1|PITMAN|RICHARD||||MI|IWAAN5170277~NM1|82|1|KETHA|SUMANA||||XX|1962447805~REF|1L|000ZGPPOX0000~REF|CE|PREFERRED PROVIDER ORGANIZATION~DTM|232|20150508~DTM|233|20150508~DTM|050|20150616~AMT|AU|113.21~SVC|HC^99214|130|0||1~DTM|472|20150508~CAS|CO|45|16.79~CAS|PR|1|113.21~REF|6R|1475706952Z1~AMT|B6|113.21~LX|4~CLP|2256-3021|1|130|0|113.21|12|0201516750U45780X00|11|1~NM1|QC|1|PITMAN|RICHARD||||MI|IWAAN5170277~NM1|82|1|KETHA|SUMANA||||XX|1962447805~REF|1L|000ZGPPOX0000~REF|CE|PREFERRED PROVIDER ORGANIZATION~DTM|232|20150604~DTM|233|20150604~DTM|050|20150616~AMT|AU|113.21~SVC|HC^99214|130|0||1~DTM|472|20150604~CAS|CO|45|16.79~CAS|PR|1|113.21~REF|6R|1475879941Z1~AMT|B6|113.21~SE|83|0001~GE|1|1070~IEA|1|000001075~