ISA|00|          |00|          |ZZ|ZIRMED         |29|E12705         |150407|0544|U|00401|000000739|0|P|^~GS|HP|ZIRMED|E12705|20150407|0544|734|X|004010X091A1~ST|835|0001~BPR|I|492.97|C|ACH|CCP|01|081517693|DA|152302017594|1205296137||01|111000025|DA|488038453432|20150407~TRN|1|889924314|1205296137~REF|EV|E12705~DTM|405|20150406~N1|PR|NOVITAS SOLUTIONS, INC.~N3|PO BOX 3110~N4|MECHANICSBURG|PA|170551826~REF|2U|04412~PER|CX||TE|8552528782~N1|PE|DFW GERIATRICS PLLC|XX|1063835361~N3|2925 SKYWAY CIRCLE NORTH~N4|IRVING|TX|750383510~REF|TJ|464596718~LX|1~CLP|322-2481|19|104|68.59|17.5|MB|2815083797470|31|1~NM1|QC|1|ALCORN|RITA||||HN|453524322A~NM1|82|1||||||XX|1962447805~NM1|TT|2|TX HEALTH & HUMAN SERVICES COMMI|||||PI|70051~MOA|||MA01|MA07~DTM|050|20150324~SVC|HC^99309^GW|104|68.59||1~DTM|472|20150205~CAS|CO|45|16.51||253|1.4~CAS|PR|2|17.5~REF|LU|31~REF|6R|1405303492Z1~AMT|B6|87.49~CLP|322-2467|19|104|61.37|15.66|MB|2815083797480|31|1~NM1|QC|1|ALCORN|RITA||||HN|453524322A~NM1|82|1||||||XX|1952303547~NM1|TT|2|TX HEALTH & HUMAN SERVICES COMMI|||||PI|70051~MOA|||MA01|MA07~DTM|050|20150324~SVC|HC^99309^GW|104|61.37||1~DTM|472|20150209~CAS|CO|45|25.72||253|1.25~CAS|PR|2|15.66~REF|LU|31~REF|6R|1405303942Z1~AMT|B6|78.28~CLP|98-2490|19|104|68.59|17.5|MB|2815083797490|32|1~NM1|QC|1|DELUNA|DAVID||||HN|466927987A~NM1|82|1||||||XX|1962447805~NM1|TT|2|TX HEALTH & HUMAN SERVICES COMMI|||||PI|70051~MOA|||MA01|MA27|MA07~DTM|050|20150324~SVC|HC^99309^GW|104|68.59||1~DTM|472|20150209~CAS|CO|45|16.51||253|1.4~CAS|PR|2|17.5~REF|LU|32~REF|6R|1405305101Z1~AMT|B6|87.49~CLP|72-2411|19|193|125.55|32.03|MB|2815083797460|32|1~NM1|QC|1|GAINES|GWENDOLYN||||HN|462219921TA~NM1|82|1||||||XX|1962447805~NM1|TT|2|TX HEALTH & HUMAN SERVICES COMMI|||||PI|70051~MOA|||MA01|MA07~DTM|050|20150324~SVC|HC^99306^GW|193|125.55||1~DTM|472|20150220~CAS|CO|45|32.86||253|2.56~CAS|PR|2|32.03~REF|LU|32~REF|6R|1405302864Z1~AMT|B6|160.14~CLP|129-2331|19|104|68.25|17.41|MB|2815083797440|32|1~NM1|QC|1|GARN|JAMES|F|||HN|467240006A~NM1|82|1||||||XX|1962447805~NM1|TT|2|TX HEALTH & HUMAN SERVICES COMMI|||||PI|70051~MOA|||MA01|MA07~DTM|050|20150324~SVC|HC^99309^GW|104|68.25||1~DTM|472|20141208~CAS|CO|45|16.95||253|1.39~CAS|PR|2|17.41~REF|LU|32~REF|6R|1405297580Z1~AMT|B6|87.05~CLP|129-2533|19|51|33.52|8.55|MB|2815083797500|32|1~NM1|QC|1|GARN|JAMES|F|||HN|467240006A~NM1|82|1||||||XX|1962447805~NM1|TT|2|TX HEALTH & HUMAN SERVICES COMMI|||||PI|70051~MOA|||MA01|MA07~DTM|050|20150324~SVC|HC^99307^GW|51|33.52||1~DTM|472|20150205~CAS|CO|45|8.25||253|.68~CAS|PR|2|8.55~REF|LU|32~REF|6R|1405318483Z1~AMT|B6|42.75~CLP|129-2497|19|51|33.52|8.55|MB|2815083797510|32|1~NM1|QC|1|GARN|JAMES|F|||HN|467240006A~NM1|82|1||||||XX|1962447805~NM1|TT|2|TX HEALTH & HUMAN SERVICES COMMI|||||PI|70051~MOA|||MA01|MA07~DTM|050|20150324~SVC|HC^99307^GW|51|33.52||1~DTM|472|20150212~CAS|CO|45|8.25||253|.68~CAS|PR|2|8.55~REF|LU|32~REF|6R|1405324096Z1~AMT|B6|42.75~CLP|46-2314|1|51|33.58|8.57|MB|2815083797450|32|1~NM1|QC|1|NORMAN|SUSAN|C|||HN|465116311A~NM1|82|1||||||XX|1962447805~MOA|||MA01~DTM|050|20150324~SVC|HC^99307^GW|51|33.58||1~DTM|472|20141208~CAS|CO|45|8.16||253|.69~CAS|PR|2|8.57~REF|LU|32~REF|6R|1405302124Z1~AMT|B6|42.84~SE|119|0001~GE|1|734~IEA|1|000000739~