ISA|00|          |00|          |ZZ|ZIRMED         |29|E12705         |150110|0532|U|00401|000000439|0|P|^~GS|HP|ZIRMED|E12705|20150110|0532|434|X|004010X091A1~ST|835|0001~BPR|H|0|C|NON||||||||||||20150112~TRN|1|458515206|1205296137~REF|EV|E12705~DTM|405|20150109~N1|PR|NOVITAS SOLUTIONS, INC.~N3|PO BOX 3110~N4|MECHANICSBURG|PA|170551826~REF|2U|04412~PER|CX||TE|8552528782~N1|PE|DFW GERIATRICS PLLC|XX|1063835361~N3|2925 SKYWAY CIRCLE NORTH~N4|IRVING|TX|750383510~REF|TJ|464596718~LX|1~CLP|182-1342|1|104|0||MB|2814358596180|31|1~NM1|QC|1|EDWARDS|PATSY|R|||HN|455501964A~NM1|82|1||||||XX|1962447805~MOA|||MA01~DTM|050|20141224~SVC|HC^99309|104|0||||1~DTM|472|20140821~CAS|CO|B9|104~REF|LU|31~REF|6R|1329889429Z1~LQ|HE|N90~CLP|116-1403|19|222|0||MB|2814358596330|33|1~NM1|QC|1|HERVEY|EUGENE|J|||HN|449680119A~NM1|82|1||||||XX|1952303547~NM1|TT|2|GOV T EMPLOYEE S HEALTH ASSN|||||PI|80054~MOA|||MA01|MA18~DTM|050|20141224~SVC|HC^99337|222|0||||1~DTM|472|20140922~CAS|CO|B9|222~REF|LU|33~REF|6R|1329903287Z1~LQ|HE|N90~CLP|28-1273|1|79|0||MB|2814358596830|31|1~NM1|QC|1|MILBURN|RUBY|L|||HN|456096649D~NM1|82|1||||||XX|1962447805~NM1|PR|2|PACIFICARE OF TEXAS|||||PI|H4590~MOA|||MA01~DTM|050|20141224~SVC|HC^99308|79|0||||1~DTM|472|20140724~CAS|CO|109|79~REF|LU|31~REF|6R|1329929455Z1~CLP|78-1362|1|104|0||MB|2814358596590|32|1~NM1|QC|1|NELSON|HELEN|R|||HN|452520020M~NM1|82|1||||||XX|1962447805~MOA|||MA01~DTM|050|20141224~SVC|HC^99309|104|0||||1~DTM|472|20140929~CAS|CO|B9|104~REF|LU|32~REF|6R|1329926079Z1~LQ|HE|N90~CLP|277-1189|4|120|0||MB|2815008256160|21|1~NM1|QC|1|IDALIAH|TURNEY||||HN|434307148A~NM1|82|1||||||XX|1962447805~MOA|||MA130|MA61~DTM|050|20150108~SVC|HC^99233|120|0||||1~DTM|472|20141015~CAS|CO|140|120~REF|LU|21~REF|6R|1340472594Z1~LQ|HE|MA130~LQ|HE|MA61~SE|73|0001~ST|835|0002~BPR|I|671.08|C|ACH|CCP|01|081517693|DA|152302017594|1205296137||01|111000025|DA|488038453432|20150112~TRN|1|889290029|1205296137~REF|EV|E12705~DTM|405|20150109~N1|PR|NOVITAS SOLUTIONS, INC.~N3|PO BOX 3110~N4|MECHANICSBURG|PA|170551826~REF|2U|04412~PER|CX||TE|8552528782~N1|PE|DFW GERIATRICS PLLC|XX|1063835361~N3|2925 SKYWAY CIRCLE NORTH~N4|IRVING|TX|750383510~REF|TJ|464596718~LX|1~CLP|236-778|1|234|152.6|38.93|MB|2814356875360|21|1~NM1|QC|1|ADAMS|DOROTHY||||HN|450426255A~NM1|82|1||||||XX|1962447805~MOA|||MA01|MA27~DTM|050|20141222~SVC|HC^99223|234|152.6||1~DTM|472|20141002~CAS|CO|45|39.36||253|3.11~CAS|PR|2|38.93~REF|LU|21~REF|6R|1326084286Z1~AMT|B6|194.64~CLP|236-779|1|226|147.26|37.56|MB|2814356875390|21|1~NM1|QC|1|ADAMS|DOROTHY||||HN|450426255A~NM1|82|1||||||XX|1962447805~MOA|||MA01|MA27~DTM|050|20141222~SVC|HC^99233^25|120|78.09||1~DTM|472|20141003~CAS|CO|45|20.4||253|1.59~CAS|PR|2|19.92~REF|LU|21~REF|6R|1326084287Z1~AMT|B6|99.6~SVC|HC^99356|106|69.17||1~DTM|472|20141003~CAS|CO|45|17.78||253|1.41~CAS|PR|2|17.64~REF|LU|21~REF|6R|1326084287Z2~AMT|B6|88.22~CLP|236-780|1|120|78.09|19.92|MB|2814356875420|21|1~NM1|QC|1|ADAMS|DOROTHY||||HN|450426255A~NM1|82|1||||||XX|1962447805~MOA|||MA01|MA27~DTM|050|20141222~SVC|HC^99233|120|78.09||1~DTM|472|20141004~CAS|CO|45|20.4||253|1.59~CAS|PR|2|19.92~REF|LU|21~REF|6R|1326084288Z1~AMT|B6|99.6~CLP|236-781|1|123|80.52|20.54|MB|2814356875450|21|1~NM1|QC|1|ADAMS|DOROTHY||||HN|450426255A~NM1|82|1||||||XX|1962447805~MOA|||MA01|MA27~DTM|050|20141222~SVC|HC^99239|123|80.52||1~DTM|472|20141005~CAS|CO|45|20.3||253|1.64~CAS|PR|2|20.54~REF|LU|21~REF|6R|1326084289Z1~AMT|B6|102.7~CLP|7-1111|19|193|92.56|23.61|MB|2814356877140|32|1~NM1|QC|1|BACCUS|MARILYN|D|||HN|466179221T~NM1|82|1||||||XX|1962447805~NM1|TT|2|TX HEALTH & HUMAN SERVICES COMMI|||||PI|70051~MOA|||MA01|MA07~DTM|050|20141222~SVC|HC^99306|193|92.56||1~DTM|472|20140721~CAS|CO|B10|74.94||253|1.89~CAS|PR|2|23.61~REF|LU|32~REF|6R|1326086244Z1~AMT|B6|118.06~LQ|HE|M80~CLP|215-1404|19|104|68.25|17.41|MB|2214363907160|32|1~NM1|QC|1|KING|LOUISE||||HN|452523415A~NM1|82|1||||||XX|1962447805~NM1|TT|2|TX HEALTH & HUMAN SERVICES COMMI|||||PI|70051~MOA|||MA01|MA07~DTM|050|20141229~SVC|HC^99309|104|68.25||1~DTM|472|20140922~CAS|CO|45|16.95||253|1.39~CAS|PR|2|17.41~REF|LU|32~REF|6R|1330826182Z1~AMT|B6|87.05~CLP|19-1099|19|79|51.8|13.21|MB|3214363378090|32|1~NM1|QC|1|RYLANDER|RICHARD||||HN|435661924A~NM1|82|1||||||XX|1962447805~NM1|TT|2|TX HEALTH & HUMAN SERVICES COMMI|||||PI|70051~MOA|||MA01|MA07~DTM|050|20141229~SVC|HC^99308|79|51.8||1~DTM|472|20141014~CAS|CO|45|12.93||253|1.06~CAS|PR|2|13.21~REF|LU|32~REF|6R|1331883913Z1~AMT|B6|66.07~SE|111|0002~GE|2|434~IEA|1|000000439~