ISA|00|          |00|          |ZZ|ZIRMED         |29|E12705         |150414|0537|U|00401|000000807|0|P|^~GS|HP|ZIRMED|E12705|20150414|0537|802|X|004010X091A1~ST|835|0001~BPR|H|0|C|NON||||||||||||20150414~TRN|1|459039862|1205296137~REF|EV|E12705~DTM|405|20150413~N1|PR|NOVITAS SOLUTIONS, INC.~N3|PO BOX 3110~N4|MECHANICSBURG|PA|170551826~REF|2U|04412~PER|CX||TE|8552528782~N1|PE|DFW GERIATRICS PLLC|XX|1063835361~N3|2925 SKYWAY CIRCLE NORTH~N4|IRVING|TX|750383510~REF|TJ|464596718~LX|1~CLP|9-846|1|109|0||MB|2815098183270|32|1~NM1|QC|1|KISER|BEN||||HN|456687960M~NM1|82|1||||||XX|1962447805~MOA|||MA01~DTM|050|20150408~SVC|HC^99335|109|0||||1~DTM|472|20140804~CAS|CO|58|109~REF|LU|32~REF|6R|1417853584Z1~SE|26|0001~ST|835|0002~BPR|I|1069.39|C|ACH|CCP|01|081517693|DA|152302017594|1205296137||01|111000025|DA|488038453432|20150414~TRN|1|889973097|1205296137~REF|EV|E12705~DTM|405|20150413~N1|PR|NOVITAS SOLUTIONS, INC.~N3|PO BOX 3110~N4|MECHANICSBURG|PA|170551826~REF|2U|04412~PER|CX||TE|8552528782~N1|PE|DFW GERIATRICS PLLC|XX|1063835361~N3|2925 SKYWAY CIRCLE NORTH~N4|IRVING|TX|750383510~REF|TJ|464596718~LX|1~CLP|420-2622|19|130|72.61|18.52|MB|2815090199540|11|1~NM1|QC|1|AGANON|ASTERIO||||HN|630768999A~NM1|82|1||||||XX|1679978068~NM1|TT|2|WOODMEN OF THE WORLD|||||PI|30281~MOA|||MA01|MA18~DTM|050|20150331~SVC|HC^99214|130|72.61||1~DTM|472|20150303~CAS|CO|45|37.39||253|1.48~CAS|PR|2|18.52~REF|LU|11~REF|6R|1411167113Z1~AMT|B6|92.61~CLP|342-2585|19|510|39.52|64.47|MB|2815090199480|11|1~NM1|QC|1|ALLEN|THOMAS||||HN|453825428A~NM1|82|1||||||XX|1679978068~NM1|TT|2|TX HEALTH & HUMAN SERVICES COMMI|||||PI|70051~MOA|||MA01|MA07~DTM|050|20150331~SVC|HC^99214^25|130|29.97||1~DTM|472|20150211~CAS|CO|45|37.39||253|.61~CAS|PR|1|54.39||2|7.64~REF|LU|11~REF|6R|1411167106Z1~AMT|B6|92.61~SVC|HC^99406|18|9.55||1~DTM|472|20150211~CAS|CO|45|5.81||253|.2~CAS|PR|2|2.44~REF|LU|11~REF|6R|1411167106Z2~AMT|B6|12.19~SVC|HC^95921|110|0||||1~DTM|472|20150211~CAS|CO|170|110~REF|LU|11~REF|6R|1411167106Z3~SVC|HC^95923|252|0||||1~DTM|472|20150211~CAS|CO|170|252~REF|LU|11~REF|6R|1411167106Z4~CLP|319-2423|1|130|29.97|62.03|MB|2815090199450|11|1~NM1|QC|1|CORTEZ|EDWARD||||HN|449473304A~NM1|82|1||||||XX|1679978068~MOA|||MA01~DTM|050|20150331~SVC|HC^99214|130|29.97||1~DTM|472|20150206~CAS|CO|45|37.39||253|.61~CAS|PR|1|54.39||2|7.64~REF|LU|11~REF|6R|1411167102Z1~AMT|B6|92.61~CLP|384-2422|19|149|1.57|147.4|MB|2815090705190|11|1~NM1|QC|1|DRAKEJR|THOMAS||||HN|437713946A~NM1|82|1||||||XX|1679978068~NM1|TT|2|TX HEALTH & HUMAN SERVICES COMMI|||||PI|70051~MOA|||MA01|MA27|MA07~DTM|050|20150331~SVC|HC^99205|149|1.57||1~DTM|472|20150202~CAS|CO|253|.03~CAS|PR|1|147||2|.4~REF|LU|11~REF|6R|1411337739Z1~AMT|B6|149~CLP|313-2290|19|148|82.16|20.96|MB|2815090199430|11|1~NM1|QC|1|FRICK|TERRY||||HN|467375415A~NM1|82|1||||||XX|1679978068~NM1|TT|2|ARKANSAS MEDICAID PROGRAM|||||PI|70017~MOA|||MA01|MA07~DTM|050|20150331~SVC|HC^99214^25|130|72.61||1~DTM|472|20150120~CAS|CO|45|37.39||253|1.48~CAS|PR|2|18.52~REF|LU|11~REF|6R|1411167097Z1~AMT|B6|92.61~SVC|HC^99406|18|9.55||1~DTM|472|20150120~CAS|CO|45|5.81||253|.2~CAS|PR|2|2.44~REF|LU|11~REF|6R|1411167097Z2~AMT|B6|12.19~CLP|385-2293|1|130|72.61|18.52|MB|2815090705200|11|1~NM1|QC|1|GOSSETT|GREGORY||||HN|458130091A~NM1|82|1||||||XX|1679978068~MOA|||MA01~DTM|050|20150331~SVC|HC^99214|130|72.61||1~DTM|472|20150202~CAS|CO|45|37.39||253|1.48~CAS|PR|2|18.52~REF|LU|11~REF|6R|1411338756Z1~AMT|B6|92.61~CLP|380-2421|19|130|72.61|18.52|MB|2815090199440|11|1~NM1|QC|1|HAYNES|WILLIAM||||HN|455726510A~NM1|74|1||||||C|455726510TA~NM1|82|1||||||XX|1679978068~NM1|TT|2|TX HEALTH & HUMAN SERVICES COMMI|||||PI|70051~MOA|||MA01|MA07~DTM|050|20150331~SVC|HC^99214|130|72.61||1~DTM|472|20150120~CAS|CO|45|37.39||253|1.48~CAS|PR|2|18.52~REF|LU|11~REF|6R|1411167101Z1~AMT|B6|92.61~CLP|383-2292|1|130|72.61|18.52|MB|2815090705210|11|1~NM1|QC|1|HUDGINS|NANCY||||HN|509380876A~NM1|82|1||||||XX|1679978068~MOA|||MA01~DTM|050|20150331~SVC|HC^99214|130|72.61||1~DTM|472|20150130~CAS|CO|45|37.39||253|1.48~CAS|PR|2|18.52~REF|LU|11~REF|6R|1411341436Z1~AMT|B6|92.61~CLP|417-2610|19|174|96.06|26.83|MB|2815090199500|11|1~NM1|QC|1|MACDONALD|JOHN||||HN|461941697A~NM1|82|1||||||XX|1679978068~NM1|TT|2|UMR|||||PI|00192~MOA|||MA01|MA18~DTM|050|20150331~SVC|HC^99215|174|96.06||1~DTM|472|20150209~CAS|CO|45|49.15||253|1.96~CAS|PR|1|2.32||2|24.51~REF|LU|11~REF|6R|1411167108Z1~AMT|B6|124.85~CLP|349-2618|1|130|29.97|62.03|MB|2815090199520|11|1~NM1|QC|1|NEAL|MENFORD||||HN|458524052A~NM1|82|1||||||XX|1679978068~MOA|||MA01~DTM|050|20150331~SVC|HC^99214|130|29.97||1~DTM|472|20150213~CAS|CO|45|37.39||253|.61~CAS|PR|1|54.39||2|7.64~REF|LU|11~REF|6R|1411167110Z1~AMT|B6|92.61~CLP|419-2614|1|130|72.61|18.52|MB|2815090199530|11|1~NM1|QC|1|PITMAN|WANDA||||HN|452401970B~NM1|82|1||||||XX|1679978068~MOA|||MA01~DTM|050|20150331~SVC|HC^99214|130|72.61||1~DTM|472|20150211~CAS|CO|45|37.39||253|1.48~CAS|PR|2|18.52~REF|LU|11~REF|6R|1411167111Z1~AMT|B6|92.61~CLP|352-2619|1|61|40.42|10.31|MB|2815090705250|11|1~NM1|QC|1|RAYMOND|JAMES||||HN|565788029A~NM1|82|1||||||XX|1962447805~MOA|||MA01~DTM|050|20150331~SVC|HC^G0180|61|40.42||1~DTM|472|20150319~CAS|CO|45|9.44||253|.83~CAS|PR|2|10.31~REF|LU|11~REF|6R|1411365886Z1~AMT|B6|51.56~CLP|381-2289|19|130|47.14|44.51|MB|2815090705220|11|1~NM1|QC|1|STIGGERS|BILLY||||HN|455488650A~NM1|82|1||||||XX|1679978068~NM1|TT|2|WPS - TRICARE FOR LIFE|||||PI|60000~MOA|||MA01|MA18~DTM|050|20150331~SVC|HC^99214|130|47.14||1~DTM|472|20150120~CAS|CO|45|37.39||253|.96~CAS|PR|1|32.49||2|12.02~REF|LU|11~REF|6R|1411343544Z1~AMT|B6|92.61~CLP|382-2621|1|130|72.61|18.52|MB|2815090705230|11|1~NM1|QC|1|TODD|LANA||||HN|449755855A~NM1|82|1||||||XX|1679978068~MOA|||MA01~DTM|050|20150331~SVC|HC^99214|130|72.61||1~DTM|472|20150227~CAS|CO|45|37.39||253|1.48~CAS|PR|2|18.52~REF|LU|11~REF|6R|1411343869Z1~AMT|B6|92.61~CLP|382-2291|1|130|72.61|18.52|MB|2815090705240|11|1~NM1|QC|1|TODD|LANA||||HN|449755855A~NM1|82|1||||||XX|1679978068~MOA|||MA01~DTM|050|20150331~SVC|HC^99214|130|72.61||1~DTM|472|20150130~CAS|CO|45|37.39||253|1.48~CAS|PR|2|18.52~REF|LU|11~REF|6R|1411346091Z1~AMT|B6|92.61~CLP|418-2611|1|130|72.61|18.52|MB|2815090199510|11|1~NM1|QC|1|TODD|MICHAEL|S|||HN|466453707A~NM1|82|1||||||XX|1679978068~MOA|||MA01~DTM|050|20150331~SVC|HC^99214|130|72.61||1~DTM|472|20150209~CAS|CO|45|37.39||253|1.48~CAS|PR|2|18.52~REF|LU|11~REF|6R|1411167109Z1~AMT|B6|92.61~CLP|317-2424|1|130|49.09|42.52|MB|2815090199460|11|1~NM1|QC|1|TWILLEY|EDWARD||||HN|458213375A~NM1|82|1||||||XX|1679978068~MOA|||MA01~DTM|050|20150331~SVC|HC^99214|130|49.09||1~DTM|472|20150206~CAS|CO|45|37.39||253|1~CAS|PR|1|30||2|12.52~REF|LU|11~REF|6R|1411167104Z1~AMT|B6|92.61~CLP|309-2425|19|130|72.61|18.52|MB|2815090199470|11|1~NM1|QC|1|VANDERPOOL|ADRIAN||||HN|466297262A~NM1|82|1||||||XX|1679978068~NM1|TT|2|TX HEALTH & HUMAN SERVICES COMMI|||||PI|70051~MOA|||MA01|MA07~DTM|050|20150331~SVC|HC^99214|130|72.61||1~DTM|472|20150206~CAS|CO|45|37.39||253|1.48~CAS|PR|2|18.52~REF|LU|11~REF|6R|1411167105Z1~AMT|B6|92.61~SE|265|0002~GE|2|802~IEA|1|000000807~