ISA|00|          |00|          |ZZ|ZIRMED         |ZZ|146173421      |150415|2143|U|00401|000000811|0|P|^~GS|HP|ZIRMED|146173421|20150415|2143|806|X|004010X091A1~ST|835|0001~BPR|I|235.18|C|ACH|CCP|01|021000021|DA|05586085|1999746608|999999999|01|111000025|DA|488038453432|20150416~TRN|1|044262188|1999746608|999999999~REF|F2|0001~DTM|405|20150410~N1|PR|TEXAS MEDICAID/HEALTHCARE SERVICES~N3|12365A RIATA TRACE PARKWAY~N4|AUSTIN|TX|787276524~N1|PE|DFW GERIATRICS PLLC|XX|1063835361~N3|2925 SKYWAY CIR N~N4|IRVING|TX|75038~REF|PQ|193200000X~REF|TJ|464596718~LX|1~CLP|398-2636|1|51|27.36||MC|100020030201509628356763|32||||0|0~NM1|QC|1|THOMAS|HARRISON|M||JR|MI|508122491~DTM|232|20150212~DTM|233|20150212~PER|CX|MEDI|TE|5127941234~AMT|AU|27.92~SVC|HC^99307|51|27.36||1~DTM|472|20150212~CAS|CO|45|23.64|0~REF|6R|1416246885Z1~REF|HPI|1962447805~AMT|B6|27.92~LQ|HE|N381~LX|2~CLP|72-2411|1|193|0||MC|200030030201509929449938|32||||0|0~NM1|QC|1|GAINES|GWENDOLYN|L|||MI|506355316~DTM|232|20150220~DTM|233|20150220~PER|CX|MEDI|TE|5127941234~AMT|AU|71.31~SVC|HC^99306^GW|193|0||1~DTM|472|20150220~CAS|CO|22|193|0~REF|6R|1405302864Z1~REF|HPI|1962447805~AMT|B6|71.31~LQ|HE|N192~LX|3~CLP|129-2497|1|51|0||MC|100030030201509929452731|32||||0|0~NM1|QC|1|GARN|JAMES|F|||MI|518178974~DTM|232|20150212~DTM|233|20150212~PER|CX|MEDI|TE|5127941234~AMT|AU|27.36~SVC|HC^99307^GW|51|0||1~DTM|472|20150212~CAS|CO|22|51|0~REF|6R|1405324096Z1~REF|HPI|1962447805~AMT|B6|27.36~LQ|HE|N192~LX|4~CLP|424-2637|1|51|27.36||MC|100020030201509628366008|32||||0|0~NM1|QC|1|HARRIS|OTIS||||MI|514329452~DTM|232|20150212~DTM|233|20150212~PER|CX|MEDI|TE|5127941234~AMT|AU|27.92~SVC|HC^99307|51|27.36||1~DTM|472|20150212~CAS|CO|45|23.64|0~REF|6R|1416246886Z1~REF|HPI|1962447805~AMT|B6|27.92~LQ|HE|N381~LX|5~CLP|416-2635|1|104|49.19||MC|100020030201509628364072|32||||0|0~NM1|QC|1|SICARD|DAVID||||MI|526107753~DTM|232|20150209~DTM|233|20150209~PER|CX|MEDI|TE|5127941234~AMT|AU|50.19~SVC|HC^99309^GW|104|49.19||1~DTM|472|20150209~CAS|CO|45|54.81|0~REF|6R|1416246884Z1~REF|HPI|1962447805~AMT|B6|50.19~LQ|HE|N381~LX|6~CLP|98-2490|1|104|0||MC|200030030201509929455149|32||||0|0~NM1|QC|1|DE LUNA|DAVID||||MI|612761965~DTM|232|20150209~DTM|233|20150209~PER|CX|MEDI|TE|5127941234~AMT|AU|49.19~SVC|HC^99309^GW|104|0||1~DTM|472|20150209~CAS|CO|22|104|0~REF|6R|1405305101Z1~REF|HPI|1962447805~AMT|B6|49.19~LQ|HE|N192~LX|7~CLP|102-2641|1|104|49.19||MC|100020030201509628365075|32||||0|0~NM1|QC|1|NEWELL|DIANE||||MI|625792713~DTM|232|20150211~DTM|233|20150211~PER|CX|MEDI|TE|5127941234~AMT|AU|50.19~SVC|HC^99309|104|49.19||1~DTM|472|20150211~CAS|CO|45|54.81|0~REF|6R|1416246889Z1~REF|HPI|1962447805~AMT|B6|50.19~LQ|HE|N381~LX|8~CLP|129-2533|1|51|0||MC|100030030201509929454493|32||||0|0~NM1|QC|1|GARN|JAMES|F|||MI|518178974~DTM|232|20150205~DTM|233|20150205~PER|CX|MEDI|TE|5127941234~AMT|AU|27.36~SVC|HC^99307^GW|51|0||1~DTM|472|20150205~CAS|CO|22|51|0~REF|6R|1405318483Z1~REF|HPI|1962447805~AMT|B6|27.36~LQ|HE|N192~LX|9~CLP|129-2331|1|104|0||MC|100030030201509929449939|32||||0|0~NM1|QC|1|GARN|JAMES|F|||MI|518178974~DTM|232|20141208~DTM|233|20141208~PER|CX|MEDI|TE|5127941234~AMT|AU|49.19~SVC|HC^99309^GW|104|0||1~DTM|472|20141208~CAS|CO|22|104|0~REF|6R|1405297580Z1~REF|HPI|1962447805~AMT|B6|49.19~LQ|HE|N192~LX|10~CLP|102-2642|1|51|27.36||MC|100020030201509628364073|32||||0|0~NM1|QC|1|NEWELL|DIANE||||MI|625792713~DTM|232|20150205~DTM|233|20150205~PER|CX|MEDI|TE|5127941234~AMT|AU|27.92~SVC|HC^99307|51|27.36||1~DTM|472|20150205~CAS|CO|45|23.64|0~REF|6R|1416246890Z1~REF|HPI|1962447805~AMT|B6|27.92~LQ|HE|N381~LX|11~CLP|102-2638|1|51|27.36||MC|100020030201509628353955|32||||0|0~NM1|QC|1|NEWELL|DIANE||||MI|625792713~DTM|232|20150212~DTM|233|20150212~PER|CX|MEDI|TE|5127941234~AMT|AU|27.92~SVC|HC^99307|51|27.36||1~DTM|472|20150212~CAS|CO|45|23.64|0~REF|6R|1416246887Z1~REF|HPI|1962447805~AMT|B6|27.92~LQ|HE|N381~LX|12~CLP|322-2481|1|104|0||MC|100030030201509929456120|32||||0|0~NM1|QC|1|ALCORN|RITA|L|||MI|528213614~DTM|232|20150205~DTM|233|20150205~PER|CX|MEDI|TE|5127941234~AMT|AU|49.19~SVC|HC^99309^GW|104|0||1~DTM|472|20150205~CAS|CO|22|104|0~REF|6R|1405303492Z1~REF|HPI|1962447805~AMT|B6|49.19~LQ|HE|N192~LX|13~CLP|322-2467|1|104|0||MC|100030030201509929456121|32||||0|0~NM1|QC|1|ALCORN|RITA|L|||MI|528213614~DTM|232|20150209~DTM|233|20150209~PER|CX|MEDI|TE|5127941234~AMT|AU|45.25~SVC|HC^99309^GW|104|0||1~DTM|472|20150209~CAS|CO|22|104|0~REF|6R|1405303942Z1~REF|HPI|1952303547~AMT|B6|45.25~LQ|HE|N192~LX|14~CLP|400-2639|1|51|27.36||MC|100020030201509628362095|32||||0|0~NM1|QC|1|CEASARI|MAVIS|L|||MI|610537790~DTM|232|20150212~DTM|233|20150212~PER|CX|MEDI|TE|5127941234~AMT|AU|27.92~SVC|HC^99307|51|27.36||1~DTM|472|20150212~CAS|CO|45|23.64|0~REF|6R|1416246888Z1~REF|HPI|1962447805~AMT|B6|27.92~LQ|HE|N381~SE|210|0001~GE|1|806~IEA|1|000000811~