ISA|00|          |00|          |ZZ|ZIRMED         |29|E12705         |150213|0626|U|00401|000000592|0|P|^~GS|HP|ZIRMED|E12705|20150213|0626|587|X|004010X091A1~ST|835|0001~BPR|H|0|C|NON||||||||||||20150213~TRN|1|458718498|1205296137~REF|EV|E12705~DTM|405|20150212~N1|PR|NOVITAS SOLUTIONS, INC.~N3|PO BOX 3110~N4|MECHANICSBURG|PA|170551826~REF|2U|04412~PER|CX||TE|8552528782~N1|PE|DFW GERIATRICS PLLC|XX|1063835361~N3|2925 SKYWAY CIRCLE NORTH~N4|IRVING|TX|750383510~REF|TJ|464596718~LX|1~CLP|87-2123|19|104|0|87.49|MB|2915040217160|32|1~NM1|QC|1|GIPSON|CARRIE||||HN|457404502B~NM1|82|1||||||XX|1962447805~NM1|TT|2|TX HEALTH & HUMAN SERVICES COMMI|||||PI|70051~MOA|||MA01|MA07~DTM|050|20150209~SVC|HC^99309|104|0||1~DTM|472|20150121~CAS|CO|45|16.51~CAS|PR|1|87.49~REF|LU|32~REF|6R|1368537950Z1~AMT|B6|87.49~CLP|144-964|1|79|0||MB|2915042219280|31|1~NM1|QC|1|JONES|FRANCES|C|||HN|254282932D6~NM1|82|1||||||XX|1962447805~MOA|||MA01~DTM|050|20150211~SVC|HC^99308|79|0||||1~DTM|472|20141113~CAS|OA|18|79~REF|LU|31~REF|6R|1371109995Z1~LQ|HE|N522~CLP|353-1996|1|104|0||MB|2815042698400|32|1~NM1|QC|1|JONES|SAMMIE||||HN|587246165A~NM1|82|1||||||XX|1962447805~MOA|||MA01~DTM|050|20150211~SVC|HC^99309|104|0||||1~DTM|472|20141006~CAS|OA|18|104~REF|LU|32~REF|6R|1371084902Z1~LQ|HE|N522~CLP|158-2120|19|104|0|87.49|MB|2915040217140|32|1~NM1|QC|1|LUCKETT|MARY||||HN|523464493A~NM1|82|1||||||XX|1962447805~NM1|TT|2|TX HEALTH & HUMAN SERVICES COMMI|||||PI|70051~MOA|||MA01|MA07~DTM|050|20150209~SVC|HC^99309|104|0||1~DTM|472|20150121~CAS|CO|45|16.51~CAS|PR|1|87.49~REF|LU|32~REF|6R|1368537947Z1~AMT|B6|87.49~CLP|285-2150|1|193|0||MB|2815042698150|31|1~NM1|QC|1|MCVAY|J D||||HN|466203847A~NM1|82|1||||||XX|1962447805~MOA|||MA01~DTM|050|20150211~SVC|HC^99306|193|0||||1~DTM|472|20141002~CAS|OA|18|193~REF|LU|31~REF|6R|1371069320Z1~LQ|HE|N522~CLP|357-2203|4|79|0||MB|2815042698280|32|1~NM1|QC|1|ODESSA|RUTHERFOR||||HN|454382530A~NM1|82|1||||||XX|1962447805~MOA|||MA130|MA61~DTM|050|20150211~SVC|HC^99308|79|0||||1~DTM|472|20141205~CAS|CO|140|79~REF|LU|32~REF|6R|1371082830Z1~LQ|HE|MA130~LQ|HE|MA61~CLP|357-2238|4|104|0||MB|2915042219360|32|1~NM1|QC|1|ODESSA|RUTHERFOR||||HN|454382530A~NM1|82|1||||||XX|1962447805~MOA|||MA130|MA61~DTM|050|20150211~SVC|HC^99309|104|0||||1~DTM|472|20141117~CAS|CO|140|104~REF|LU|32~REF|6R|1371110005Z1~LQ|HE|MA130~LQ|HE|MA61~CLP|346-1973|4|104|0||MB|2815042698180|32|1~NM1|QC|1|LUIS|SALDANA||||HN|465977738A~NM1|82|1||||||XX|1962447805~MOA|||MA130|MA61~DTM|050|20150211~SVC|HC^99309|104|0||||1~DTM|472|20140811~CAS|CO|140|104~REF|LU|32~REF|6R|1371071496Z1~LQ|HE|MA130~LQ|HE|MA61~CLP|346-2231|4|104|0||MB|2915042219350|32|1~NM1|QC|1|LUIS|SALDANA||||HN|465977738A~NM1|82|1||||||XX|1962447805~MOA|||MA130|MA61~DTM|050|20150211~SVC|HC^99309|104|0||||1~DTM|472|20141117~CAS|CO|140|104~REF|LU|32~REF|6R|1371110004Z1~LQ|HE|MA130~LQ|HE|MA61~CLP|269-1679|1|121|0||MB|2815042698310|31|1~NM1|QC|1|SIMON|CANDI||||HN|449651029A~NM1|82|1||||||XX|1962447805~MOA|||MA01~DTM|050|20150211~SVC|HC^99316|121|0||||1~DTM|472|20141205~CAS|OA|18|121~REF|LU|31~REF|6R|1371082831Z1~LQ|HE|N522~CLP|42-2119|1|51|0|42.75|MB|2915040217120|32|1~NM1|QC|1|SPENCER|GERALDINE|M|||HN|450745441A~NM1|82|1||||||XX|1962447805~MOA|||MA01~DTM|050|20150209~SVC|HC^99307|51|0||1~DTM|472|20150121~CAS|CO|45|8.25~CAS|PR|1|42.75~REF|LU|32~REF|6R|1368537945Z1~AMT|B6|42.75~SE|146|0001~ST|835|0002~BPR|I|2352.05|C|ACH|CCP|01|081517693|DA|152302017594|1205296137||01|111000025|DA|488038453432|20150213~TRN|1|889595358|1205296137~REF|EV|E12705~DTM|405|20150212~N1|PR|NOVITAS SOLUTIONS, INC.~N3|PO BOX 3110~N4|MECHANICSBURG|PA|170551826~REF|2U|04412~PER|CX||TE|8552528782~N1|PE|DFW GERIATRICS PLLC|XX|1063835361~N3|2925 SKYWAY CIRCLE NORTH~N4|IRVING|TX|750383510~REF|TJ|464596718~LX|1~CLP|303-1612|19|130|72.32|18.45|MB|2815030383530|11|1~NM1|QC|1|CHAMATHIL|VARGHESE||||HN|455714580T~NM1|74|1||||||C|455714580A~NM1|82|1||||||XX|1679978068~NM1|TT|2|MUTUAL OF OMAHA INSURANCE COMP|||||PI|30090~MOA|||MA01|MA18~DTM|050|20150130~SVC|HC^99214|130|72.32||1~DTM|472|20141117~CAS|CO|45|37.75||253|1.48~CAS|PR|2|18.45~REF|LU|11~REF|6R|1359061889Z1~AMT|B6|92.25~CLP|319-1634|1|130|72.32|18.45|MB|2815030383630|11|1~NM1|QC|1|CORTEZ|EDWARD||||HN|449473304A~NM1|82|1||||||XX|1679978068~MOA|||MA01~DTM|050|20150130~SVC|HC^99214|130|72.32||1~DTM|472|20141105~CAS|CO|45|37.75||253|1.48~CAS|PR|2|18.45~REF|LU|11~REF|6R|1359061903Z1~AMT|B6|92.25~CLP|96-1981|19|130|72.32|18.45|MB|2815030383520|11|1~NM1|QC|1|DANIEL|JAMES||||HN|457235517T~NM1|82|1||||||XX|1679978068~NM1|TT|2|TX HEALTH & HUMAN SERVICES COMMI|||||PI|70051~MOA|||MA01|MA07~DTM|050|20150130~SVC|HC^99214|130|72.32||1~DTM|472|20141230~CAS|CO|45|37.75||253|1.48~CAS|PR|2|18.45~REF|LU|11~REF|6R|1359056233Z1~AMT|B6|92.25~CLP|316-1836|1|130|72.32|18.45|MB|2815030383500|11|1~NM1|QC|1|DAVIS|MARY||||HN|414174432A~NM1|82|1||||||XX|1679978068~MOA|||MA01~DTM|050|20150130~SVC|HC^99214|130|72.32||1~DTM|472|20141203~CAS|CO|45|37.75||253|1.48~CAS|PR|2|18.45~REF|LU|11~REF|6R|1359056231Z1~AMT|B6|92.25~CLP|316-1630|1|174|96.85|24.71|MB|2815030383600|11|1~NM1|QC|1|DAVIS|MARY||||HN|414174432A~NM1|82|1||||||XX|1679978068~MOA|||MA01~DTM|050|20150130~SVC|HC^99215|174|96.85||1~DTM|472|20141103~CAS|CO|45|50.46||253|1.98~CAS|PR|2|24.71~REF|LU|11~REF|6R|1359061900Z1~AMT|B6|123.54~CLP|238-1627|19|130|72.32|18.45|MB|2815030383570|11|1~NM1|QC|1|DELBOSQUE|EDWARDO||||HN|456397262A~NM1|82|1||||||XX|1679978068~NM1|TT|2|TX HEALTH & HUMAN SERVICES COMMI|||||PI|70051~MOA|||MA01|MA07~DTM|050|20150130~SVC|HC^99214|130|72.32||1~DTM|472|20141119~CAS|CO|45|37.75||253|1.48~CAS|PR|2|18.45~REF|LU|11~REF|6R|1359061897Z1~AMT|B6|92.25~CLP|238-1629|19|130|72.32|18.45|MB|2815030383580|11|1~NM1|QC|1|DELBOSQUE|EDWARDO||||HN|456397262A~NM1|82|1||||||XX|1679978068~NM1|TT|2|TX HEALTH & HUMAN SERVICES COMMI|||||PI|70051~MOA|||MA01|MA07~DTM|050|20150130~SVC|HC^99214|130|72.32||1~DTM|472|20141107~CAS|CO|45|37.75||253|1.48~CAS|PR|2|18.45~REF|LU|11~REF|6R|1359061898Z1~AMT|B6|92.25~CLP|344-1984|19|174|97.88|24.97|MB|2815030383380|11|1~NM1|QC|1|EVERITT|LEON||||HN|451866415A~NM1|82|1||||||XX|1679978068~NM1|TT|2|TX HEALTH & HUMAN SERVICES COMMI|||||PI|70051~MOA|||MA01|MA07~DTM|050|20150130~SVC|HC^99215|174|97.88||1~DTM|472|20150116~CAS|CO|45|49.15||253|2~CAS|PR|2|24.97~REF|LU|11~REF|6R|1359050373Z1~AMT|B6|124.85~CLP|344-1835|19|130|72.32|18.45|MB|2815030383490|11|1~NM1|QC|1|EVERITT|LEON||||HN|451866415A~NM1|82|1||||||XX|1679978068~NM1|TT|2|TX HEALTH & HUMAN SERVICES COMMI|||||PI|70051~MOA|||MA01|MA07~DTM|050|20150130~SVC|HC^99214|130|72.32||1~DTM|472|20141201~CAS|CO|45|37.75||253|1.48~CAS|PR|2|18.45~REF|LU|11~REF|6R|1359056230Z1~AMT|B6|92.25~CLP|313-1623|19|130|72.32|18.45|MB|2815030383450|11|1~NM1|QC|1|FRICK|TERRY||||HN|467375415A~NM1|82|1||||||XX|1679978068~NM1|TT|2|ARKANSAS MEDICAID PROGRAM|||||PI|70017~MOA|||MA01|MA07~DTM|050|20150130~SVC|HC^99214|130|72.32||1~DTM|472|20141222~CAS|CO|45|37.75||253|1.48~CAS|PR|2|18.45~REF|LU|11~REF|6R|1359056226Z1~AMT|B6|92.25~CLP|311-1987|19|130|72.61|18.52|MB|2815030383360|11|1~NM1|QC|1|HOLLAND|LEE||||HN|451767936A~NM1|82|1||||||XX|1679978068~NM1|TT|2|TX HEALTH & HUMAN SERVICES COMMI|||||PI|70051~MOA|||MA01|MA07~DTM|050|20150130~SVC|HC^99214|130|72.61||1~DTM|472|20150119~CAS|CO|45|37.39||253|1.48~CAS|PR|2|18.52~REF|LU|11~REF|6R|1359016685Z1~AMT|B6|92.61~CLP|311-1621|19|130|72.32|18.45|MB|2815030383550|11|1~NM1|QC|1|HOLLAND|LEE||||HN|451767936A~NM1|82|1||||||XX|1679978068~NM1|TT|2|TX HEALTH & HUMAN SERVICES COMMI|||||PI|70051~MOA|||MA01|MA07~DTM|050|20150130~SVC|HC^99214|130|72.32||1~DTM|472|20141114~CAS|CO|45|37.75||253|1.48~CAS|PR|2|18.45~REF|LU|11~REF|6R|1359061895Z1~AMT|B6|92.25~CLP|318-1633|1|130|72.32|18.45|MB|2815030383640|11|1~NM1|QC|1|KINSON|MARY||||HN|462080184A~NM1|82|1||||||XX|1679978068~MOA|||MA01~DTM|050|20150130~SVC|HC^99214|130|72.32||1~DTM|472|20141105~CAS|CO|45|37.75||253|1.48~CAS|PR|2|18.45~REF|LU|11~REF|6R|1359061905Z1~AMT|B6|92.25~CLP|245-1617|19|130|72.32|18.45|MB|2815030383420|11|1~NM1|QC|1|LOVE|VICKIE|S|||HN|458438671A~NM1|82|1||||||XX|1679978068~NM1|TT|2|TX HEALTH & HUMAN SERVICES COMMI|||||PI|70051~MOA|||MA01|MA07~DTM|050|20150130~SVC|HC^99214|130|72.32||1~DTM|472|20141203~CAS|CO|45|37.75||253|1.48~CAS|PR|2|18.45~REF|LU|11~REF|6R|1359056223Z1~AMT|B6|92.25~CLP|245-1632|19|130|72.32|18.45|MB|2815030383620|11|1~NM1|QC|1|LOVE|VICKIE|S|||HN|458438671A~NM1|82|1||||||XX|1679978068~NM1|TT|2|TX HEALTH & HUMAN SERVICES COMMI|||||PI|70051~MOA|||MA01|MA07~DTM|050|20150130~SVC|HC^99214|130|72.32||1~DTM|472|20141105~CAS|CO|45|37.75||253|1.48~CAS|PR|2|18.45~REF|LU|11~REF|6R|1359061902Z1~AMT|B6|92.25~CLP|312-1626|1|130|72.32|18.45|MB|2815030383470|11|1~NM1|QC|1|MITCHELL|REBECCA||||HN|562745087A~NM1|82|1||||||XX|1679978068~MOA|||MA01~DTM|050|20150130~SVC|HC^99214|130|72.32||1~DTM|472|20141222~CAS|CO|45|37.75||253|1.48~CAS|PR|2|18.45~REF|LU|11~REF|6R|1359056228Z1~AMT|B6|92.25~CLP|312-1622|1|130|72.32|18.45|MB|2815030383560|11|1~NM1|QC|1|MITCHELL|REBECCA||||HN|562745087A~NM1|82|1||||||XX|1679978068~MOA|||MA01~DTM|050|20150130~SVC|HC^99214|130|72.32||1~DTM|472|20141114~CAS|CO|45|37.75||253|1.48~CAS|PR|2|18.45~REF|LU|11~REF|6R|1359061896Z1~AMT|B6|92.25~CLP|307-1616|19|174|96.85|24.71|MB|2815030383410|11|1~NM1|QC|1|NEAL|CHESTER||||HN|441625131A~NM1|82|1||||||XX|1679978068~NM1|TT|2|TX HEALTH & HUMAN SERVICES COMMI|||||PI|70051~MOA|||MA01|MA07~DTM|050|20150130~SVC|HC^99215|174|96.85||1~DTM|472|20141203~CAS|CO|45|50.46||253|1.98~CAS|PR|2|24.71~REF|LU|11~REF|6R|1359056222Z1~AMT|B6|123.54~CLP|314-1625|1|88|49.01|12.5|MB|2815030383480|11|1~NM1|QC|1|PALMER|LARRY||||HN|382562993A~NM1|82|1||||||XX|1679978068~MOA|||MA01~DTM|050|20150130~SVC|HC^99213|88|49.01||1~DTM|472|20141222~CAS|CO|45|25.49||253|1~CAS|PR|2|12.5~REF|LU|11~REF|6R|1359056229Z1~AMT|B6|62.51~CLP|315-1628|19|130|72.32|18.45|MB|2815030383590|11|1~NM1|QC|1|PATTILLO|CATHY||||HN|458297430A~NM1|82|1||||||XX|1679978068~NM1|TT|2|TX HEALTH & HUMAN SERVICES COMMI|||||PI|70051~MOA|||MA01|MA07~DTM|050|20150130~SVC|HC^99214|130|72.32||1~DTM|472|20141119~CAS|CO|45|37.75||253|1.48~CAS|PR|2|18.45~REF|LU|11~REF|6R|1359061899Z1~AMT|B6|92.25~CLP|345-1837|1|130|72.32|18.45|MB|2815030383510|11|1~NM1|QC|1|RAYBORN|BETTY||||HN|455825840D~NM1|82|1||||||XX|1679978068~MOA|||MA01~DTM|050|20150130~SVC|HC^99214|130|72.32||1~DTM|472|20141203~CAS|CO|45|37.75||253|1.48~CAS|PR|2|18.45~REF|LU|11~REF|6R|1359056232Z1~AMT|B6|92.25~CLP|352-1986|1|130|72.61|18.52|MB|2815030383340|11|1~NM1|QC|1|RAYMOND|JAMES||||HN|565788029A~NM1|82|1||||||XX|1679978068~MOA|||MA01~DTM|050|20150130~SVC|HC^99214|130|72.61||1~DTM|472|20150119~CAS|CO|45|37.39||253|1.48~CAS|PR|2|18.52~REF|LU|11~REF|6R|1359016683Z1~AMT|B6|92.61~CLP|305-1614|19|130|72.32|18.45|MB|2815030383540|11|1~NM1|QC|1|RECTOR|HOWARD||||HN|458299308A~NM1|82|1||||||XX|1679978068~NM1|TT|2|TX HEALTH & HUMAN SERVICES COMMI|||||PI|70051~MOA|||MA01|MA07~DTM|050|20150130~SVC|HC^99214|130|72.32||1~DTM|472|20141126~CAS|CO|45|37.75||253|1.48~CAS|PR|2|18.45~REF|LU|11~REF|6R|1359061893Z1~AMT|B6|92.25~CLP|310-1620|19|130|72.32|18.45|MB|2815030383660|11|1~NM1|QC|1|REED|LATOSHA||||HN|454497150A~NM1|82|1||||||XX|1679978068~NM1|TT|2|TX HEALTH & HUMAN SERVICES COMMI|||||PI|70051~MOA|||MA01|MA07~DTM|050|20150130~SVC|HC^99214|130|72.32||1~DTM|472|20141114~CAS|CO|45|37.75||253|1.48~CAS|PR|2|18.45~REF|LU|11~REF|6R|1359133962Z1~AMT|B6|92.25~CLP|343-1833|19|130|72.61|18.52|MB|2815030383370|11|1~NM1|QC|1|RITTER|RAYMOND||||HN|457404905A~NM1|82|1||||||XX|1679978068~NM1|TT|2|BCBS OF MICHIGAN|||||PI|00055~MOA|||MA01|MA18~DTM|050|20150130~SVC|HC^99214|130|72.61||1~DTM|472|20150105~CAS|CO|45|37.39||253|1.48~CAS|PR|2|18.52~REF|LU|11~REF|6R|1359050372Z1~AMT|B6|92.61~CLP|347-1978|19|130|72.61|18.52|MB|2815030383300|11|1~NM1|QC|1|SOTO|JOSE||||HN|453040927A~NM1|82|1||||||XX|1679978068~NM1|TT|2|TX HEALTH & HUMAN SERVICES COMMI|||||PI|70051~MOA|||MA01|MA07~DTM|050|20150130~SVC|HC^99214|130|72.61||1~DTM|472|20150113~CAS|CO|45|37.39||253|1.48~CAS|PR|2|18.52~REF|LU|11~REF|6R|1359016679Z1~AMT|B6|92.61~CLP|308-1618|19|130|72.32|18.45|MB|2815030383430|11|1~NM1|QC|1|TUFAIL|RANA||||HN|228299952A~NM1|82|1||||||XX|1679978068~NM1|TT|2|VIRGINIA DEPT OF MED ASSISTANCE|||||PI|70008~MOA|||MA01|MA07~DTM|050|20150130~SVC|HC^99214|130|72.32||1~DTM|472|20141203~CAS|CO|45|37.75||253|1.48~CAS|PR|2|18.45~REF|LU|11~REF|6R|1359056224Z1~AMT|B6|92.25~CLP|308-1624|19|174|96.85|24.71|MB|2815030383460|11|1~NM1|QC|1|TUFAIL|RANA||||HN|228299952A~NM1|82|1||||||XX|1679978068~NM1|TT|2|VIRGINIA DEPT OF MED ASSISTANCE|||||PI|70008~MOA|||MA01|MA07~DTM|050|20150130~SVC|HC^99215|174|96.85||1~DTM|472|20141222~CAS|CO|45|50.46||253|1.98~CAS|PR|2|24.71~REF|LU|11~REF|6R|1359056227Z1~AMT|B6|123.54~CLP|317-1631|1|130|72.32|18.45|MB|2815030383610|11|1~NM1|QC|1|TWILLEY|EDWARD||||HN|458213375A~NM1|82|1||||||XX|1679978068~MOA|||MA01~DTM|050|20150130~SVC|HC^99214|130|72.32||1~DTM|472|20141103~CAS|CO|45|37.75||253|1.48~CAS|PR|2|18.45~REF|LU|11~REF|6R|1359061901Z1~AMT|B6|92.25~CLP|309-1830|19|130|8.6|83.83|MB|2815030383270|11|1~NM1|QC|1|VANDERPOOL|ADRIAN||||HN|466297262A~NM1|82|1||||||XX|1679978068~NM1|TT|2|TX HEALTH & HUMAN SERVICES COMMI|||||PI|70051~MOA|||MA01|MA07~DTM|050|20150130~SVC|HC^99214|130|8.6||1~DTM|472|20150105~CAS|CO|45|37.39||253|.18~CAS|PR|1|81.63||2|2.2~REF|LU|11~REF|6R|1359016676Z1~AMT|B6|92.61~CLP|309-1619|19|174|96.85|24.71|MB|2815030383440|11|1~NM1|QC|1|VANDERPOOL|ADRIAN||||HN|466297262A~NM1|82|1||||||XX|1679978068~NM1|TT|2|TX HEALTH & HUMAN SERVICES COMMI|||||PI|70051~MOA|||MA01|MA07~DTM|050|20150130~SVC|HC^99215|174|96.85||1~DTM|472|20141203~CAS|CO|45|50.46||253|1.98~CAS|PR|2|24.71~REF|LU|11~REF|6R|1359056225Z1~AMT|B6|123.54~CLP|320-1635|1|130|72.32|18.45|MB|2815030383650|11|1~NM1|QC|1|VILLALPANDO|DIANA||||HN|457412151A~NM1|82|1||||||XX|1679978068~MOA|||MA01~DTM|050|20150130~SVC|HC^99214|130|72.32||1~DTM|472|20141031~CAS|CO|45|37.75||253|1.48~CAS|PR|2|18.45~REF|LU|11~REF|6R|1359063957Z1~AMT|B6|92.25~SE|422|0002~GE|2|587~IEA|1|000000592~