ISA|00|          |00|          |ZZ|ZIRMED         |ZZ|GATE0084       |150623|0231|U|00401|000001064|1|P|^~GS|HP|ZIRMED|GATE0084|20150623|0231|1059|X|004010X091A1~ST|835|0001~BPR|I|101.66|C|CHK||||||||||||20150619~TRN|1|PH90933785|1411289245|000087726~DTM|405|20150619~N1|PR|UNITED HEALTHCARE INSURANCE COMPANY|XV|87726~N3|SPRINGFIELD SERVICE CENTER|P O BOX 30555~N4|SALT LAKE CITY|UT|841300555~REF|2U|87726~PER|CX|SPRINGFIELD SERVICE CENTER|TE|8778423210~N1|PE|SUMANA KETHA|XX|1063835361~N3|2925 SKYWAY CIR N~N4|IRVING|TX|750380000~REF|TJ|464596718~LX|1~TS3|1063835361|11|20151231|1|130~CLP|2100-3025|1|130|101.66|15|13|5098119234 0054921803|11|1~NM1|QC|1|MANNE|SUDHA~NM1|IL|1|MANNE|SUDHA||||MI|927172617~NM1|74|1||SRINIVASA|R|||C|912451217~NM1|82|1|KETHA|SUMANA||||XX|1962447805~REF|1L|743695~REF|CE|CHOYC+~DTM|050|20150617~DTM|232|20150601~AMT|AU|130~SVC|HC^99214|130|101.66||1~DTM|472|20150601~CAS|CO|45|13.34~CAS|PR|3|15~REF|6R|1475879942Z1~AMT|B6|116.66~SE|32|0001~ST|835|0002~BPR|I|120.09|C|CHK||||||||||||20150619~TRN|1|QC10157761|1411289245|000087726~DTM|405|20150619~N1|PR|UNITED HEALTHCARE INSURANCE COMPANY|XV|87726~N3|GREENSBORO SERVICE CENTER|PO BOX 30555~N4|SALT LAKE CITY|UT|841300555~REF|2U|87726~PER|CX|GREENSBORO SERVICE CENTER|TE|8778423210~N1|PE|SUMANA KETHA|XX|1063835361~N3|2925 SKYWAY CIR N~N4|IRVING|TX|750380000~REF|TJ|464596718~LX|1~TS3|1063835361|11|20151231|2|275~CLP|6040-2962|1|145|120.09||13|5086992544 0014633975|11|1~NM1|QC|1|MAHAMOUD|MARYAM~NM1|IL|1|MAHAMOUD|MARYAM||||MI|929003678~NM1|74|1||MARYAN|K~NM1|82|1|KETHA|SUMANA||||XX|1962447805~REF|1L|902732~REF|CE|COMP BA~DTM|050|20150608~DTM|232|20150603~AMT|AU|145~SVC|HC^99395|145|120.09||1~DTM|472|20150603~CAS|CO|45|24.91~REF|6R|1468580082Z1~AMT|B6|120.09~CLP|5957-2750|1|130|0|130|13|9393061445 0014956822|11|1~NM1|QC|1|BHATT|HEM~NM1|IL|1|BHATT|HEM||||MI|914221702~NM1|82|1|KETHA|SUMANA||||XX|1962447805~REF|CE|COMP BA~REF|1L|902732~DTM|036|20150331~DTM|050|20150616~DTM|232|20150414~SVC|HC^99214|130|0||1~DTM|472|20150414~CAS|PR|27|130~REF|6R|1442229114Z1~SE|44|0002~ST|835|0003~BPR|I|91.66|C|CHK||||||||||||20150619~TRN|1|QC59602932|1411289245|000087726~DTM|405|20150619~N1|PR|UNITED HEALTHCARE INSURANCE COMPANY|XV|87726~N3|P O BOX 740800~N4|ATLANTA|GA|303740800~REF|2U|87726~PER|CX|CHICO SERVICE CENTER|TE|8778423210~N1|PE|SUMANA KETHA|XX|1063835361~N3|2925 SKYWAY CIR N~N4|IRVING|TX|750380000~REF|TJ|464596718~LX|1~TS3|1063835361|11|20151231|3|294~CLP|5697-2924|1|130|91.66|25|13|5080409354 0197222107|11|1~NM1|QC|1|KITTREDGE|JERRY~NM1|IL|1|KITTREDGE|JERRY||||MI|914995247~NM1|74|1||VIRGINIA~NM1|82|1|KETHA|SUMANA||||XX|1962447805~REF|CE|CHOYC+~REF|1L|8R8754~DTM|050|20150602~DTM|232|20150316~AMT|AU|130~SVC|HC^99214|130|91.66||1~DTM|472|20150316~CAS|CO|45|13.34~CAS|PR|3|25~REF|6R|1463405200Z1~AMT|B6|116.66~CLP|6043-2970|1|29|0|25.43|13|5098119236 0014991646|11|1~NM1|QC|1|SINGH|AMIT KUMAR~NM1|IL|1|SINGH|AMIT KUMAR||||MI|931891256~NM1|82|1|KETHA|SUMANA||||XX|1962447805~REF|1L|902866~REF|CE|CHOYC+~DTM|050|20150617~DTM|232|20150605~AMT|AU|29~SVC|HC^99211^25|24|0||1~DTM|472|20150605~CAS|CO|45|1.89~CAS|PR|1|22.11~REF|6R|1475879914Z1~AMT|B6|22.11~SVC|HC^J3420|5|0||1~DTM|472|20150605~CAS|CO|45|1.68~CAS|PR|1|3.32~REF|6R|1475879914Z2~AMT|B6|3.32~CLP|6043-2987|1|135|0|119.98|13|5098119237 0014991651|11|1~NM1|QC|1|SINGH|AMIT KUMAR~NM1|IL|1|SINGH|AMIT KUMAR||||MI|931891256~NM1|82|1|KETHA|SUMANA||||XX|1962447805~REF|CE|CHOYC+~REF|1L|902866~DTM|050|20150617~DTM|232|20150608~AMT|AU|135~SVC|HC^99214^25|130|0||1~DTM|472|20150608~CAS|CO|45|13.34~CAS|PR|1|116.66~REF|6R|1475879936Z1~AMT|B6|116.66~SVC|HC^J3420|5|0||1~DTM|472|20150608~CAS|CO|45|1.68~CAS|PR|1|3.32~REF|6R|1475879936Z2~AMT|B6|3.32~SE|74|0003~GE|3|1059~IEA|1|000001064~