ISA|00|          |00|          |ZZ|ZIRMED         |29|E12705         |150925|1214|U|00401|000001407|0|P|^~GS|HP|ZIRMED|E12705|20150925|1214|1402|X|004010X091A1~ST|835|0001~BPR|H|0|C|NON||||||||||||20150925~TRN|1|459788916|1205296137~REF|EV|E12705~DTM|405|20150924~N1|PR|NOVITAS SOLUTIONS, INC.~N3|PO BOX 3110~N4|MECHANICSBURG|PA|170551826~REF|2U|04412~PER|CX||TE|8552528782~N1|PE|DFW GERIATRICS PLLC|XX|1063835361~N3|2925 SKYWAY CIRCLE NORTH~N4|IRVING|TX|750383510~REF|TJ|464596718~LX|1~CLP|352-2723|1|4|0||MB|2915266002712|11|1~NM1|QC|1|RAYMOND|JAMES||||HN|565788029A~NM1|82|1||||||XX|1952303547~MOA|||MA130|MA15~DTM|050|20150923~SVC|HC^94760|4|0||||1~DTM|472|20150401~CAS|CO|16|4~REF|6R|1560717937Z2~REF|LU|11~LQ|HE|MA130~LQ|HE|N265~LQ|HE|N276~LQ|HE|N286~SE|30|0001~ST|835|0002~BPR|I|3123.84|C|ACH|CCP|01|081517693|DA|152302017594|1205296137||01|111000025|DA|488038453432|20150925~TRN|1|891071320|1205296137~REF|EV|E12705~DTM|405|20150924~N1|PR|NOVITAS SOLUTIONS, INC.~N3|PO BOX 3110~N4|MECHANICSBURG|PA|170551826~REF|2U|04412~PER|CX||TE|8552528782~N1|PE|DFW GERIATRICS PLLC|XX|1063835361~N3|2925 SKYWAY CIRCLE NORTH~N4|IRVING|TX|750383510~REF|TJ|464596718~LX|1~CLP|316-3823|1|130|81.56|20.8|MB|2815254825320|11|1~NM1|QC|1|DAVIS|MARY||||HN|414174432A~NM1|82|1||||||XX|1962447805~MOA|||MA01~DTM|050|20150911~SVC|HC^99214|130|81.56||1~DTM|472|20150904~CAS|CO|45|25.98||253|1.66~CAS|PR|2|20.8~REF|6R|1550855128Z1~REF|LU|11~AMT|B6|104.02~CLP|878-3801|1|964.46|615.22|156.94|MB|2915254471360|11|1~NM1|QC|1|DOSS|ROCHELLE||||HN|356526697A~NM1|82|1||||||XX|1962447805~MOA|||MA01~DTM|050|20150911~SVC|HC^96120|46.18|36.2||1~DTM|472|20150522~CAS|CO|253|.74~CAS|PR|2|9.24~REF|6R|1551108582Z1~REF|LU|11~AMT|B6|46.18~SVC|HC^95957|305.27|239.34||1~DTM|472|20150522~CAS|CO|253|4.88~CAS|PR|2|61.05~REF|6R|1551108582Z2~REF|LU|11~AMT|B6|305.27~SVC|HC^95816^TC|346.27|227.73||1~DTM|472|20150522~CAS|CO|45|55.8||253|4.65~CAS|PR|2|58.09~REF|6R|1551108582Z3~REF|LU|11~AMT|B6|290.47~SVC|HC^95930|123.94|0||||1~DTM|472|20150522~CAS|CO|50|123.94~REF|6R|1551108582Z4~REF|LU|11~LQ|HE|M25~LQ|HE|N115~SVC|HC^92585|130.57|102.37||1~DTM|472|20150522~CAS|CO|253|2.09~CAS|PR|2|26.11~REF|6R|1551108582Z5~REF|LU|11~AMT|B6|130.57~SVC|HC^99090|0|0||||1~DTM|472|20150522~REF|6R|1551108582Z6~REF|LU|11~LQ|HE|M80~SVC|HC^93040|12.23|9.58||1~DTM|472|20150522~CAS|CO|253|.2~CAS|PR|2|2.45~REF|6R|1551108582Z7~REF|LU|11~AMT|B6|12.23~CLP|6115-3731|1|1500.46|929.16|237.04|MB|2915254471340|11|1~NM1|QC|1|GRAMES|HARRY||||HN|368382222A~NM1|82|1||||||XX|1962447805~MOA|||MA01~DTM|050|20150911~SVC|HC^99215^25|174|109.94||1~DTM|472|20150807~CAS|CO|45|33.77||253|2.24~CAS|PR|2|28.05~REF|6R|1551103673Z1~REF|LU|11~AMT|B6|140.23~SVC|HC^95923|252|145.78||1~DTM|472|20150807~CAS|CO|45|66.05||253|2.98~CAS|PR|2|37.19~REF|6R|1551103673Z2~REF|LU|11~AMT|B6|185.95~SVC|HC^95921|110|66.66||1~DTM|472|20150807~CAS|CO|45|24.97||253|1.36~CAS|PR|2|17.01~REF|6R|1551103673Z3~REF|LU|11~AMT|B6|85.03~SVC|HC^96120|46.18|36.2||1~DTM|472|20150807~CAS|CO|253|.74~CAS|PR|2|9.24~REF|6R|1551103673Z4~REF|LU|11~AMT|B6|46.18~SVC|HC^95957|305.27|239.34||1~DTM|472|20150807~CAS|CO|253|4.88~CAS|PR|2|61.05~REF|6R|1551103673Z5~REF|LU|11~AMT|B6|305.27~SVC|HC^95816^TC|346.27|228.87||1~DTM|472|20150807~CAS|CO|45|54.34||253|4.67~CAS|PR|2|58.39~REF|6R|1551103673Z6~REF|LU|11~AMT|B6|291.93~SVC|HC^95930|123.94|0||||1~DTM|472|20150807~CAS|CO|50|123.94~REF|6R|1551103673Z7~REF|LU|11~LQ|HE|M25~LQ|HE|N115~SVC|HC^92585|130.57|102.37||1~DTM|472|20150807~CAS|CO|253|2.09~CAS|PR|2|26.11~REF|6R|1551103673Z8~REF|LU|11~AMT|B6|130.57~SVC|HC^99090|0|0||||1~DTM|472|20150807~REF|6R|1551103673Z9~REF|LU|11~LQ|HE|M80~SVC|HC^93040|12.23|0||||1~DTM|472|20150807~CAS|CO|B15|12.23~REF|6R|1551103673Z10~REF|LU|11~LQ|HE|M80~CLP|408-3817|19|496|294|75|MB|2815254825340|11|1~NM1|QC|1|JOHNSON|LINDA||||HN|467634822M~NM1|82|1||||||XX|1962447805~NM1|TT|2|TX HEALTH & HUMAN SERVICES COMMI|||||PI|70051~MOA|||MA01|MA07~DTM|050|20150911~SVC|HC^99214^25|130|81.56||1~DTM|472|20150827~CAS|CO|45|25.98||253|1.66~CAS|PR|2|20.8~REF|6R|1550888181Z1~REF|LU|11~AMT|B6|104.02~SVC|HC^95923|252|145.78||1~DTM|472|20150827~CAS|CO|45|66.05||253|2.98~CAS|PR|2|37.19~REF|6R|1550888181Z2~REF|LU|11~AMT|B6|185.95~SVC|HC^95921|110|66.66||1~DTM|472|20150827~CAS|CO|45|24.97||253|1.36~CAS|PR|2|17.01~REF|6R|1550888181Z3~REF|LU|11~AMT|B6|85.03~SVC|HC^94760|4|0||||1~DTM|472|20150827~CAS|CO|50|4~REF|6R|1550888181Z4~REF|LU|11~LQ|HE|M25~LQ|HE|N115~CLP|5750-3810|19|174|109.4|27.91|MB|2815254825330|11|1~NM1|QC|1|MANTHA|SATYANARA||||HN|142192887M~NM1|82|1||||||XX|1962447805~NM1|TT|2|TX HEALTH & HUMAN SERVICES COMMI|||||PI|70051~MOA|||MA01|MA15|MA07~DTM|050|20150911~SVC|HC^99215^25|174|109.4||1~DTM|472|20150629~CAS|CO|45|34.46||253|2.23~CAS|PR|2|27.91~REF|6R|1550859416Z1~REF|LU|11~AMT|B6|139.54~CLP|314-3808|1|24|15.03|3.83|MB|2815254370630|11|1~NM1|QC|1|PALMER|LARRY||||HN|382562993A~NM1|82|1||||||XX|1962447805~MOA|||MA01~DTM|050|20150911~SVC|HC^99211|24|15.03||1~DTM|472|20150629~CAS|CO|45|4.83||253|.31~CAS|PR|2|3.83~REF|6R|1550850169Z1~REF|LU|11~AMT|B6|19.17~CLP|410-3809|19|130|81.14|20.7|MB|2815254370650|11|1~NM1|QC|1|TAYLOR|LEONARD||||HN|426680464A~NM1|82|1||||||XX|1962447805~NM1|TT|2|TX HEALTH & HUMAN SERVICES COMMI|||||PI|70051~MOA|||MA01|MA07~DTM|050|20150911~SVC|HC^99214|130|81.14||1~DTM|472|20150629~CAS|CO|45|26.5||253|1.66~CAS|PR|2|20.7~REF|6R|1550850172Z1~REF|LU|11~AMT|B6|103.5~CLP|418-3763|1|130|81.56|20.8|MB|2815254825310|11|1~NM1|QC|1|TODD|MICHAEL|S|||HN|466453707A~NM1|82|1||||||XX|1962447805~MOA|||MA01~DTM|050|20150911~AMT|F5|20~SVC|HC^99214|130|81.56||1~DTM|472|20150904~CAS|CO|45|25.98||253|1.66~CAS|PR|2|20.8~REF|6R|1550855121Z1~REF|LU|11~AMT|B6|104.02~CLP|320-3534|1|496|294|75|MB|2815254825300|11|1~NM1|QC|1|VILLALPANDO|DIANA||||HN|457412151A~NM1|82|1||||||XX|1962447805~MOA|||MA01~DTM|050|20150911~SVC|HC^99214^25|130|81.56||1~DTM|472|20150904~CAS|CO|45|25.98||253|1.66~CAS|PR|2|20.8~REF|6R|1550855119Z1~REF|LU|11~AMT|B6|104.02~SVC|HC^95923|252|145.78||1~DTM|472|20150904~CAS|CO|45|66.05||253|2.98~CAS|PR|2|37.19~REF|6R|1550855119Z2~REF|LU|11~AMT|B6|185.95~SVC|HC^95921|110|66.66||1~DTM|472|20150904~CAS|CO|45|24.97||253|1.36~CAS|PR|2|17.01~REF|6R|1550855119Z3~REF|LU|11~AMT|B6|85.03~SVC|HC^94760|4|0||||1~DTM|472|20150904~CAS|CO|50|4~REF|6R|1550855119Z4~REF|LU|11~LQ|HE|M25~LQ|HE|N115~CLP|422-3800|1|794.34|622.77|158.86|MB|2915254471350|11|1~NM1|QC|1|WILSON|VIVIAN||||HN|463196861A~NM1|82|1||||||XX|1962447805~MOA|||MA01|MA15~DTM|050|20150911~SVC|HC^95957|305.27|239.34||1~DTM|472|20150622~CAS|CO|253|4.88~CAS|PR|2|61.05~REF|6R|1551104623Z2~REF|LU|11~AMT|B6|305.27~SVC|HC^95816|346.27|271.48||1~DTM|472|20150622~CAS|CO|253|5.54~CAS|PR|2|69.25~REF|6R|1551104623Z3~REF|LU|11~AMT|B6|346.27~SVC|HC^92585|130.57|102.37||1~DTM|472|20150622~CAS|CO|253|2.09~CAS|PR|2|26.11~REF|6R|1551104623Z4~REF|LU|11~AMT|B6|130.57~SVC|HC^99090|0|0||||1~DTM|472|20150622~REF|6R|1551104623Z5~REF|LU|11~LQ|HE|M80~SVC|HC^93040|12.23|9.58||1~DTM|472|20150622~CAS|CO|253|.2~CAS|PR|2|2.45~REF|6R|1551104623Z6~REF|LU|11~AMT|B6|12.23~SE|308|0002~GE|2|1402~IEA|1|000001407~