ISA|00|          |00|          |ZZ|ZIRMED         |ZZ|GATE0084       |151110|0244|U|00401|000001532|1|P|^~GS|HP|ZIRMED|GATE0084|20151110|0244|1527|X|004010X091A1~ST|835|0001~BPR|I|74.25|C|CHK||||||||||||20151106~TRN|1|PG47763181|1411289245|000087726~DTM|405|20151106~N1|PR|UNITED HEALTHCARE INSURANCE COMPANY|XV|87726~N3|SAN ANTONIO SERVICE CENTER|PO BOX 740809~N4|ATLANTA|GA|303740809~REF|2U|87726~PER|CX|SAN ANTONIO SERVICE CENTER|TE|8778423210~N1|PE|SUMANA KETHA|XX|1063835361~N3|2925 SKYWAY CIR N~N4|IRVING|TX|750380000~REF|TJ|464596718~LX|1~TS3|1063835361|11|20151231|3|441~CLP|5721-4029|1|50|45.25||13|5263632942 0022681923|11|1~NM1|QC|1|MAKI|JACQUELINE~NM1|IL|1|MAKI|JACQUELINE||||MI|003114900~NM1|74|1|||R~NM1|82|1|KETHA|SUMANA||||XX|1962447805~MOA|||MA15~REF|1L|744260~REF|CE|NAVI PL~DTM|050|20151102~DTM|232|20151016~AMT|AU|50~SVC|HC^90656|17|16.25||1~DTM|472|20151016~CAS|CO|45|.75~REF|6R|1594016785Z2~AMT|B6|16.25~SVC|HC^90471|33|29||1~DTM|472|20151016~CAS|CO|45|4~REF|6R|1594016785Z3~AMT|B6|29~CLP|5721-4029|1|29|29||13|5263632942 0022681924|11|1~NM1|QC|1|MAKI|JACQUELINE~NM1|IL|1|MAKI|JACQUELINE||||MI|003114900~NM1|74|1|||R~NM1|82|1|KETHA|SUMANA||||XX|1962447805~MOA|||MA15~REF|CE|NAVI PL~REF|1L|744260~DTM|050|20151102~DTM|232|20151016~AMT|AU|29~SVC|HC^96372|29|29||1~DTM|472|20151016~REF|6R|1594016785Z4~AMT|B6|29~CLP|5721-4029|1|362|0|302.5|13|5263632942 0022681925|11|1~NM1|QC|1|MAKI|JACQUELINE~NM1|IL|1|MAKI|JACQUELINE||||MI|003114900~NM1|74|1|||R~NM1|82|1|KETHA|SUMANA||||XX|1962447805~MOA|||MA15~REF|1L|744260~REF|CE|NAVI PL~DTM|050|20151102~DTM|232|20151016~AMT|AU|362~SVC|HC^95923|252|0||1~DTM|472|20151016~CAS|CO|45|54.59~CAS|PR|1|197.41~REF|6R|1594016785Z6~AMT|B6|197.41~SVC|HC^95921|110|0||1~DTM|472|20151016~CAS|CO|45|4.91~CAS|PR|1|105.09~REF|6R|1594016785Z7~AMT|B6|105.09~SE|75|0001~ST|835|0002~BPR|H|0|C|NON||||||||||||20151106~TRN|1|QK05807284|1411289245|000087726~DTM|405|20151106~N1|PR|UNITED HEALTHCARE INSURANCE COMPANY|XV|87726~N3|GREENSBORO SERVICE CENTER|PO BOX 30555~N4|SALT LAKE CITY|UT|841300555~REF|2U|87726~PER|CX|GREENSBORO SERVICE CENTER|TE|8778423210~N1|PE|SUMANA KETHA|XX|1063835361~N3|2925 SKYWAY CIR N~N4|IRVING|TX|750380000~REF|TJ|464596718~LX|1~TS3|1063835361|11|20151231|2|58~CLP|6088-3961|1|29|3.77|.62|13|5249211480 0019878474|11|1~NM1|QC|1|PATEL|VIPUL~NM1|IL|1|PATEL|VIPUL||||MI|940232384~NM1|82|1|KETHA|SUMANA||||XX|1962447805~MOA|||MA15~REF|CE|COMP BA~REF|1L|902732~DTM|050|20151021~DTM|232|20151008~AMT|AU|5~SVC|HC^99211^25|24|0||1~DTM|472|20151008~CAS|CO|234|24~REF|6R|1584219550Z1~LQ|HE|M80~SVC|HC^J3420|5|3.77||1~DTM|472|20151008~CAS|CO|45|.61~CAS|PR|1|.2||2|.42~REF|6R|1584219550Z2~AMT|B6|4.39~CLP|6088-3961|1|29|26.1|2.9|13|5249211480 0019878500|11|1~NM1|QC|1|PATEL|VIPUL~NM1|IL|1|PATEL|VIPUL||||MI|940232384~NM1|82|1|KETHA|SUMANA||||XX|1962447805~MOA|||MA15~REF|1L|902732~REF|CE|COMP BA~DTM|050|20151021~DTM|232|20151008~AMT|AU|29~SVC|HC^96372|29|26.1||1~DTM|472|20151008~CAS|PR|2|2.9~REF|6R|1584219550Z3~AMT|B6|29~PLB|1063835361|20151231|FB^QK05807284|-28.46|WO^20150414 5957-2750|58.33~SE|53|0002~GE|2|1527~IEA|1|000001532~