ISA|00|          |00|          |ZZ|ZIRMED         |29|E12705         |150422|0359|U|00401|000000832|0|P|^~GS|HP|ZIRMED|E12705|20150422|0359|827|X|004010X091A1~ST|835|0001~BPR|I|800.68|C|ACH|CCP|01|081517693|DA|152302017594|1205296137||01|111000025|DA|488038453432|20150422~TRN|1|890026978|1205296137~REF|EV|E12705~DTM|405|20150421~N1|PR|NOVITAS SOLUTIONS, INC.~N3|PO BOX 3110~N4|MECHANICSBURG|PA|170551826~REF|2U|04412~PER|CX||TE|8552528782~N1|PE|DFW GERIATRICS PLLC|XX|1063835361~N3|2925 SKYWAY CIRCLE NORTH~N4|IRVING|TX|750383510~REF|TJ|464596718~LX|1~CLP|254-1013|1|155|101.51|25.89|MB|2815098183300|31|1~NM1|QC|1|APPEL|DARVIN||||HN|446407960A~NM1|82|1||||||XX|1962447805~MOA|||MA01~DTM|050|20150408~SVC|HC^99310|155|101.51||1~DTM|472|20141029~CAS|CO|45|25.53||253|2.07~CAS|PR|2|25.89~REF|LU|31~REF|6R|1417867178Z1~AMT|B6|129.47~CLP|254-1065|1|104|68.25|17.41|MB|2815098183310|31|1~NM1|QC|1|APPEL|DARVIN||||HN|446407960A~NM1|82|1||||||XX|1962447805~MOA|||MA01~DTM|050|20150408~SVC|HC^99309|104|68.25||1~DTM|472|20141030~CAS|CO|45|16.95||253|1.39~CAS|PR|2|17.41~REF|LU|31~REF|6R|1417871655Z1~AMT|B6|87.05~CLP|16-718|19|51|33.58|8.57|MB|2815098183190|32|1~NM1|QC|1|BURCHETT|JAMES||||HN|456441264A~NM1|82|1||||||XX|1962447805~NM1|TT|2|TX HEALTH & HUMAN SERVICES COMMI|||||PI|70051~MOA|||MA01|MA07~DTM|050|20150408~SVC|HC^99307|51|33.58||1~DTM|472|20140911~CAS|CO|45|8.16||253|.69~CAS|PR|2|8.57~REF|LU|32~REF|6R|1417818386Z1~AMT|B6|42.84~CLP|16-610|19|51|33.58|8.57|MB|2815098183200|32|1~NM1|QC|1|BURCHETT|JAMES||||HN|456441264A~NM1|82|1||||||XX|1962447805~NM1|TT|2|TX HEALTH & HUMAN SERVICES COMMI|||||PI|70051~MOA|||MA01|MA07~DTM|050|20150408~SVC|HC^99307|51|33.58||1~DTM|472|20140908~CAS|CO|45|8.16||253|.69~CAS|PR|2|8.57~REF|LU|32~REF|6R|1417818427Z1~AMT|B6|42.84~CLP|63-745|19|104|61.06|15.58|MB|2815098183210|31|1~NM1|QC|1|CONNELL|WILLIAM|B|||HN|464589854A~NM1|82|1||||||XX|1952303547~NM1|TT|2|HCSC-BCBS OF TX-OTHER B ONLY|||||PI|00044~MOA|||MA01|MA18~DTM|050|20150408~SVC|HC^99309|104|61.06||1~DTM|472|20140912~CAS|CO|45|26.11||253|1.25~CAS|PR|2|15.58~REF|LU|31~REF|6R|1417838078Z1~AMT|B6|77.89~CLP|63-690|19|104|61.06|15.58|MB|2815098183220|31|1~NM1|QC|1|CONNELL|WILLIAM|B|||HN|464589854A~NM1|82|1||||||XX|1952303547~NM1|TT|2|HCSC-BCBS OF TX-OTHER B ONLY|||||PI|00044~MOA|||MA01|MA18~DTM|050|20150408~SVC|HC^99309|104|61.06||1~DTM|472|20140918~CAS|CO|45|26.11||253|1.25~CAS|PR|2|15.58~REF|LU|31~REF|6R|1417838088Z1~AMT|B6|77.89~CLP|128-858|19|109|71.38|18.21|MB|2815098183230|33|1~NM1|QC|1|GARCIA|HERALDO||||HN|458840277A~NM1|82|1||||||XX|1962447805~NM1|TT|2|TX HEALTH & HUMAN SERVICES COMMI|||||PI|70051~MOA|||MA01|MA07~DTM|050|20150408~SVC|HC^99335|109|71.38||1~DTM|472|20140804~CAS|CO|45|17.95||253|1.46~CAS|PR|2|18.21~REF|LU|33~REF|6R|1417842361Z1~AMT|B6|91.05~CLP|128-599|19|51|33.58|8.57|MB|2815098183240|32|1~NM1|QC|1|GARCIA|HERALDO||||HN|458840277A~NM1|82|1||||||XX|1962447805~NM1|TT|2|TX HEALTH & HUMAN SERVICES COMMI|||||PI|70051~MOA|||MA01|MA07~DTM|050|20150408~SVC|HC^99307|51|33.58||1~DTM|472|20140908~CAS|CO|45|8.16||253|.69~CAS|PR|2|8.57~REF|LU|32~REF|6R|1417842419Z1~AMT|B6|42.84~CLP|61-771|19|109|63.87|16.29|MB|2815098183250|33|1~NM1|QC|1|GEER|VIRGINIA|L|||HN|449448951D~NM1|82|1||||||XX|1952303547~NM1|TT|2|SIERRA HEALTH & LIFE INSURANCE C|||||PI|30096~MOA|||MA01|MA18~DTM|050|20150408~SVC|HC^99335|109|63.87||1~DTM|472|20140917~CAS|CO|45|27.54||253|1.3~CAS|PR|2|16.29~REF|LU|33~REF|6R|1417842534Z1~AMT|B6|81.46~CLP|249-904|19|226|147.26|37.56|MB|2815098183170|21|1~NM1|QC|1|GERMAN|RITA||||HN|643363800M~NM1|82|1||||||XX|1962447805~NM1|TT|2|TX HEALTH & HUMAN SERVICES COMMI|||||PI|70051~MOA|||MA01|MA07~DTM|050|20150408~SVC|HC^99233^25|120|78.09||1~DTM|472|20140724~CAS|CO|45|20.4||253|1.59~CAS|PR|2|19.92~REF|LU|21~REF|6R|1417801722Z1~AMT|B6|99.6~SVC|HC^99356|106|69.17||1~DTM|472|20140724~CAS|CO|45|17.78||253|1.41~CAS|PR|2|17.64~REF|LU|21~REF|6R|1417801722Z2~AMT|B6|88.22~CLP|9-2241|19|193|125.55|32.03|MB|2815098183290|32|1~NM1|QC|1|KISER|BEN||||HN|456687960M~NM1|82|1||||||XX|1962447805~NM1|TT|2|TX HEALTH & HUMAN SERVICES COMMI|||||PI|70051~MOA|||MA01|MA07~DTM|050|20150408~SVC|HC^99306|193|125.55||1~DTM|472|20150129~CAS|CO|45|32.86||253|2.56~CAS|PR|2|32.03~REF|LU|32~REF|6R|1417853586Z1~AMT|B6|160.14~SE|164|0001~GE|1|827~IEA|1|000000832~