ISA|00|          |00|          |ZZ|ZIRMED         |30|611340767      |150623|1107|U|00401|000001065|0|P|^~GS|HP|ZIRMED|611340767|20150623|1107|1060|X|004010X091A1~ST|835|0001~BPR|I|403.74|C|ACH|CCP|01|031100209|DA|0038865237|1066033492||01|111000025|DA|488038453432|20150625~TRN|1|160622150017570|1066033492~REF|EV|611340767~DTM|405|20150623~N1|PR|AETNA~N3|151 FARMINGTON AVENUE~N4|HARTFORD|CT|06156~N1|PE|KETHA, SUMANA|XX|1063835361~N3|2925 SKYWAY CIR N~N4|IRVING|TX|750383510~REF|PQ|762610840~REF|TJ|464596718~LX|1~TS3|1962447805|11|20151231|4|645~CLP|2720-3016|1|144|112.4|15|HM|150616E446790000|11|1~NM1|QC|1|ADAMS|FRANCES||||MI|MEBG9H7V~NM1|82|2|KETHA, SUMANA|||||XX|1962447805~REF|1L|354054-129~REF|CE|HMO PREMIER NET 03214~DTM|232|20150522~DTM|233|20150522~DTM|050|20150616~PER|CX||TE|8006240756~AMT|AU|144~SVC|HC^99213^25|88|60.83||1~DTM|472|20150522~CAS|CO|253|1.24||45|10.93~CAS|PR|3|15~REF|6R|1475708899Z1~AMT|B6|77.07~LQ|HE|N59~SVC|HC^69210|56|51.57||1~DTM|472|20150522~CAS|CO|253|1.05||45|3.38~REF|6R|1475708899Z2~AMT|B6|52.62~LQ|HE|N59~CLP|6051-2993|1|149|0||HM|150616E568320000|11|1~NM1|QC|1|KINDLE|NATHAN||||MI|MEBJG5NZ~NM1|82|2|KETHA, SUMANA|||||XX|1962447805~REF|1L|354054-129~REF|CE|HMO PREMIER NET 03214~DTM|232|20150508~DTM|233|20150508~DTM|050|20150616~PER|CX||TE|8006240756~SVC|HC^99205|149|0||0||1~DTM|472|20150508~CAS|CO|165|149|1~REF|6R|1475706953Z1~CLP|615-2971|1|130|97.41|15|HM|150616E568330000|11|1~NM1|QC|1|COOK|KEVIN||||MI|MEBHGTMK~NM1|82|2|KETHA, SUMANA|||||XX|1962447805~REF|1L|354054-129~REF|CE|HMO PREMIER NET 03214~DTM|232|20150605~DTM|233|20150605~DTM|050|20150616~PER|CX||TE|8006240756~AMT|AU|130~SVC|HC^99214|130|97.41||1~DTM|472|20150605~CAS|CO|253|1.99||45|15.6~CAS|PR|3|15~REF|6R|1475879917Z1~AMT|B6|114.4~LQ|HE|N59~CLP|2720-2991|1|222|193.93||HM|150616E933720000|11|1~NM1|QC|1|ADAMS|FRANCES||||MI|MEBG9H7V~NM1|82|2|KETHA, SUMANA|||||XX|1962447805~REF|1L|354054-129~REF|CE|HMO PREMIER NET 03214~DTM|232|20150611~DTM|233|20150611~DTM|050|20150616~PER|CX||TE|8006240756~AMT|AU|222~SVC|HC^99397^25|166|142.36||1~DTM|472|20150611~CAS|CO|253|2.91||45|20.73~REF|6R|1475879940Z1~AMT|B6|145.27~LQ|HE|N59~SVC|HC^69210|56|51.57||1~DTM|472|20150611~CAS|CO|253|1.05||45|3.38~REF|6R|1475879940Z2~AMT|B6|52.62~LQ|HE|N59~SE|91|0001~GE|1|1060~IEA|1|000001065~