ISA|00|          |00|          |ZZ|ZIRMED         |ZZ|11             |150907|0606|U|00401|000001309|0|P|^~GS|HP|ZIRMED|FIS123456789|20150907|0606|1304|X|004010X091A1~ST|835|0001~BPR|I|93.46|C|ACH|CCP|01|092904554|DA|150097034071|1201494502||01|111000025|DA|488038453432|20150904~TRN|1|EFT2789070|1201494502~REF|EV|FIS123456789~REF|F2|TXMC QNXT~DTM|405|20150903~N1|PR|MOLINA HEALTHCARE OF TEXAS, INC~N3|2505 N. STATE HIGHWAY 360|STE 300~N4|GRAND PRAIRIE|TX|75050~N1|PE|DFW PRIMARY CARE PLLC|XX|1063835361~N3|2925 SKYWAY CICLE NORTH~N4|IRVING|TX|750383510~REF|TJ|464596718~LX|1~CLP|3915-3687|1|130|46.73||MC|15245938371~NM1|QC|1|KINNEY|KAREN|L|||MI|512372992~NM1|82|1|KETHA|SUMANA||||XX|1962447805~REF|CE|QMXHPQ0882~DTM|232|20150612~DTM|233|20150612~DTM|050|20150902~AMT|AU|130~SVC|HC^99214|130|46.73||1~DTM|472|20150612~CAS|CO|45|83.27~REF|6R|1541958456Z1~AMT|B6|46.73~CLP|2016-3689|1|130|46.73||MC|15245938391~NM1|QC|1|GILHART|JOHN|C|||MI|530427610~NM1|82|1|KETHA|SUMANA||||XX|1962447805~REF|CE|QMXHPQ0882~DTM|232|20150612~DTM|233|20150612~DTM|050|20150902~AMT|AU|130~SVC|HC^99214|130|46.73||1~DTM|472|20150612~CAS|CO|45|83.27~REF|6R|1542031688Z1~AMT|B6|46.73~SE|41|0001~GE|1|1304~IEA|1|000001309~