ISA|00|          |00|          |ZZ|ZIRMED         |29|E12705         |151030|0757|U|00401|000001488|0|P|^~GS|HP|ZIRMED|E12705|20151030|0757|1483|X|004010X091A1~ST|835|0001~BPR|H|0|C|NON||||||||||||20151030~TRN|1|459955669|1205296137~REF|EV|E12705~DTM|405|20151029~N1|PR|NOVITAS SOLUTIONS, INC.~N3|PO BOX 3110~N4|MECHANICSBURG|PA|170551826~REF|2U|04412~PER|CX||TE|8552528782~N1|PE|DFW GERIATRICS PLLC|XX|1063835361~N3|2925 SKYWAY CIRCLE NORTH~N4|IRVING|TX|750383510~REF|TJ|464596718~LX|1~CLP|418-3939|1|4|0||MB|3215287716852|11|1~NM1|QC|1|TODD|MICHAEL|S|||HN|466453707A~NM1|82|1||||||XX|1962447805~MOA|||MA130|MA15~DTM|050|20151014~SVC|HC^94760|4|0||||1~DTM|472|20151002~CAS|CO|16|4~REF|6R|1578043818Z5~REF|LU|11~LQ|HE|MA130~LQ|HE|N265~LQ|HE|N276~LQ|HE|N286~SE|30|0001~ST|835|0002~BPR|I|1604.57|C|ACH|CCP|01|081517693|DA|152302017594|1205296137||01|111000025|DA|488038453432|20151030~TRN|1|891464218|1205296137~REF|EV|E12705~DTM|405|20151029~N1|PR|NOVITAS SOLUTIONS, INC.~N3|PO BOX 3110~N4|MECHANICSBURG|PA|170551826~REF|2U|04412~PER|CX||TE|8552528782~N1|PE|DFW GERIATRICS PLLC|XX|1063835361~N3|2925 SKYWAY CIRCLE NORTH~N4|IRVING|TX|750383510~REF|TJ|464596718~LX|1~CLP|420-3964|19|496|294|75|MB|2815289210190|11|1~NM1|QC|1|AGANON|ASTERIO||||HN|630768999A~NM1|82|1||||||XX|1962447805~NM1|TT|2|ASSURED LIFE ASSOCIATION|||||PI|30281~MOA|||MA01|MA18~DTM|050|20151016~SVC|HC^99214^25|130|81.56||1~DTM|472|20151013~CAS|CO|45|25.98||253|1.66~CAS|PR|2|20.8~REF|6R|1580292350Z1~REF|LU|11~AMT|B6|104.02~SVC|HC^94760|4|0||||1~DTM|472|20151013~CAS|CO|50|4~REF|6R|1580292350Z2~REF|LU|11~LQ|HE|M25~LQ|HE|N115~SVC|HC^95923|252|145.78||1~DTM|472|20151013~CAS|CO|45|66.05||253|2.98~CAS|PR|2|37.19~REF|6R|1580292350Z3~REF|LU|11~AMT|B6|185.95~SVC|HC^95921|110|66.66||1~DTM|472|20151013~CAS|CO|45|24.97||253|1.36~CAS|PR|2|17.01~REF|6R|1580292350Z4~REF|LU|11~AMT|B6|85.03~CLP|559-4014|19|496|294|75|MB|2815289210260|11|1~NM1|QC|1|AGANON|ROSITA||||HN|630769002A~NM1|82|1||||||XX|1962447805~NM1|TT|2|AMERICAN INSURANCE ADMINISTRATOR|||||PI|30151~MOA|||MA01|MA18~DTM|050|20151016~SVC|HC^99214^25|130|81.56||1~DTM|472|20151015~CAS|CO|45|25.98||253|1.66~CAS|PR|2|20.8~REF|6R|1580292358Z1~REF|LU|11~AMT|B6|104.02~SVC|HC^94760|4|0||||1~DTM|472|20151015~CAS|CO|50|4~REF|6R|1580292358Z2~REF|LU|11~LQ|HE|M25~LQ|HE|N115~SVC|HC^95923|252|145.78||1~DTM|472|20151015~CAS|CO|45|66.05||253|2.98~CAS|PR|2|37.19~REF|6R|1580292358Z3~REF|LU|11~AMT|B6|185.95~SVC|HC^95921|110|66.66||1~DTM|472|20151015~CAS|CO|45|24.97||253|1.36~CAS|PR|2|17.01~REF|6R|1580292358Z4~REF|LU|11~AMT|B6|85.03~CLP|559-2709|19|130|81.14|20.7|MB|2815289210290|11|1~NM1|QC|1|AGANON|ROSITA||||HN|630769002A~NM1|82|1||||||XX|1962447805~NM1|TT|2|ASSURED LIFE ASSOCIATION|||||PI|30281~MOA|||MA01|MA18~DTM|050|20151016~SVC|HC^99214|130|81.14||1~DTM|472|20150325~CAS|CO|45|26.5||253|1.66~CAS|PR|2|20.7~REF|6R|1580310295Z1~REF|LU|11~AMT|B6|103.5~CLP|342-3954|19|207|139.51|25.68|MB|3215287716820|11|1~NM1|QC|1|ALLEN|THOMAS||||HN|453825428A~NM1|82|1||||||XX|1962447805~NM1|TT|2|TX HEALTH & HUMAN SERVICES COMMI|||||PI|70051~MOA|||MA01|MA15|MA07~DTM|050|20151014~SVC|HC^99214^25|130|81.56||1~DTM|472|20151008~CAS|CO|45|25.98||253|1.66~CAS|PR|2|20.8~REF|6R|1578043738Z1~REF|LU|11~AMT|B6|104.02~SVC|HC^90656|17|13.6||1~DTM|472|20151008~CAS|CO|45|3.12||253|.28~REF|6R|1578043738Z2~REF|LU|11~AMT|B6|13.88~SVC|HC^G0008|31|25.2||1~DTM|472|20151008~CAS|CO|45|5.29||253|.51~REF|6R|1578043738Z3~REF|LU|11~AMT|B6|25.71~SVC|HC^96372|29|19.15||1~DTM|472|20151008~CAS|CO|45|4.58||253|.39~CAS|PR|2|4.88~REF|6R|1578043738Z4~REF|LU|11~AMT|B6|24.42~CLP|316-3958|1|88|54.94|14.02|MB|3215287716840|11|1~NM1|QC|1|DAVIS|MARY||||HN|414174432A~NM1|82|1||||||XX|1962447805~MOA|||MA01~DTM|050|20151014~SVC|HC^99213|88|54.94||1~DTM|472|20151008~CAS|CO|45|17.92||253|1.12~CAS|PR|2|14.02~REF|6R|1578043755Z1~REF|LU|11~AMT|B6|70.08~CLP|313-4013|19|130|81.56|20.8|MB|2815289210270|11|1~NM1|QC|1|FRICK|TERRY||||HN|467375415A~NM1|82|1||||||XX|1962447805~NM1|TT|2|ARKANSAS MEDICAID PROGRAM|||||PI|70017~MOA|||MA01|MA07~DTM|050|20151016~SVC|HC^99214|130|81.56||1~DTM|472|20151015~CAS|CO|45|25.98||253|1.66~CAS|PR|2|20.8~REF|6R|1580292359Z1~REF|LU|11~AMT|B6|104.02~CLP|6115-4010|1|88|54.94|14.02|MB|2815289210250|11|1~NM1|QC|1|GRAMES|HARRY||||HN|368382222A~NM1|82|1||||||XX|1962447805~MOA|||MA01~DTM|050|20151016~SVC|HC^99213|88|54.94||1~DTM|472|20151005~CAS|CO|45|17.92||253|1.12~CAS|PR|2|14.02~REF|6R|1580292357Z1~REF|LU|11~AMT|B6|70.08~CLP|380-3959|19|130|81.56|20.8|MB|3215287716830|11|1~NM1|QC|1|HAYNES|WILLIAM||||HN|455726510TA~NM1|82|1||||||XX|1962447805~NM1|TT|2|TX HEALTH & HUMAN SERVICES COMMI|||||PI|70051~MOA|||MA01|MA07~DTM|050|20151014~SVC|HC^99214|130|81.56||1~DTM|472|20151008~CAS|CO|45|25.98||253|1.66~CAS|PR|2|20.8~REF|6R|1578043742Z1~REF|LU|11~AMT|B6|104.02~CLP|5393-4004|1|207|139.51|25.68|MB|2815289210210|11|1~NM1|QC|1|HUDGINS|MILES||||HN|524344555A~NM1|82|1||||||XX|1962447805~MOA|||MA01~DTM|050|20151016~SVC|HC^99214^25|130|81.56||1~DTM|472|20151005~CAS|CO|45|25.98||253|1.66~CAS|PR|2|20.8~REF|6R|1580292353Z1~REF|LU|11~AMT|B6|104.02~SVC|HC^G0008|31|25.2||1~DTM|472|20151005~CAS|CO|45|5.29||253|.51~REF|6R|1580292353Z2~REF|LU|11~AMT|B6|25.71~SVC|HC^90656|17|13.6||1~DTM|472|20151005~CAS|CO|45|3.12||253|.28~REF|6R|1580292353Z3~REF|LU|11~AMT|B6|13.88~SVC|HC^96372|29|19.15||1~DTM|472|20151005~CAS|CO|45|4.58||253|.39~CAS|PR|2|4.88~REF|6R|1580292353Z4~REF|LU|11~AMT|B6|24.42~CLP|349-3998|1|130|81.56|20.8|MB|2815289210200|11|1~NM1|QC|1|NEAL|MENFORD||||HN|458524052A~NM1|82|1||||||XX|1962447805~MOA|||MA01~DTM|050|20151016~SVC|HC^99214|130|81.56||1~DTM|472|20151015~CAS|CO|45|25.98||253|1.66~CAS|PR|2|20.8~REF|6R|1580292352Z1~REF|LU|11~AMT|B6|104.02~CLP|314-4007|1|24|15.11|3.85|MB|2815289210240|11|1~NM1|QC|1|PALMER|LARRY||||HN|382562993A~NM1|82|1||||||XX|1962447805~MOA|||MA01~DTM|050|20151016~SVC|HC^99211|24|15.11||1~DTM|472|20151005~CAS|CO|45|4.73||253|.31~CAS|PR|2|3.85~REF|6R|1580292356Z1~REF|LU|11~AMT|B6|19.27~CLP|6114-4008|19|88|54.94|14.02|MB|2815289210230|11|1~NM1|QC|1|ROBERTS|CAROL||||HN|452433604A~NM1|82|1||||||XX|1962447805~NM1|TT|2|TX HEALTH & HUMAN SERVICES COMMI|||||PI|70051~MOA|||MA01|MA27|MA07~DTM|050|20151016~SVC|HC^99213|88|54.94||1~DTM|472|20151005~CAS|CO|45|17.92||253|1.12~CAS|PR|2|14.02~REF|6R|1580292355Z1~REF|LU|11~AMT|B6|70.08~CLP|347-3966|19|130|81.56|20.8|MB|2815289210220|11|1~NM1|QC|1|SOTO|JOSE||||HN|453040927A~NM1|82|1||||||XX|1962447805~NM1|TT|2|TX HEALTH & HUMAN SERVICES COMMI|||||PI|70051~MOA|||MA01|MA07~DTM|050|20151016~SVC|HC^99214|130|81.56||1~DTM|472|20151013~CAS|CO|45|25.98||253|1.66~CAS|PR|2|20.8~REF|6R|1580292354Z1~REF|LU|11~AMT|B6|104.02~CLP|410-3911|19|229|150.24|28.42|MB|2815289210280|11|1~NM1|QC|1|TAYLOR|LEONARD||||HN|426680464A~NM1|82|1||||||XX|1962447805~NM1|TT|2|TX HEALTH & HUMAN SERVICES COMMI|||||PI|70051~MOA|||MA01|MA07~DTM|050|20151016~SVC|HC^99214^25|130|81.56||1~DTM|472|20150925~CAS|CO|45|25.98||253|1.66~CAS|PR|2|20.8~REF|6R|1580305972Z1~REF|LU|11~AMT|B6|104.02~SVC|HC^90656|17|13.6||1~DTM|472|20150925~CAS|CO|45|3.12||253|.28~REF|6R|1580305972Z2~REF|LU|11~AMT|B6|13.88~SVC|HC^G0008|31|25.2||1~DTM|472|20150925~CAS|CO|45|5.29||253|.51~REF|6R|1580305972Z3~REF|LU|11~AMT|B6|25.71~SVC|HC^96372|29|19.15||1~DTM|472|20150925~CAS|CO|45|4.58||253|.39~CAS|PR|2|4.88~REF|6R|1580305972Z4~REF|LU|11~AMT|B6|24.42~SVC|HC^94760|4|0||||1~DTM|472|20150925~CAS|CO|50|4~REF|6R|1580305972Z5~REF|LU|11~LQ|HE|M25~LQ|HE|N115~SVC|HC^99406|18|10.73||1~DTM|472|20150925~CAS|CO|45|4.31||253|.22~CAS|PR|2|2.74~REF|6R|1580305972Z6~REF|LU|11~AMT|B6|13.69~SE|306|0002~GE|2|1483~IEA|1|000001488~