ISA|00|          |00|          |ZZ|ZIRMED         |ZZ|11             |150917|0625|U|00401|000001376|0|P|^~GS|HP|ZIRMED|FIS123456789|20150917|0625|1371|X|004010X091A1~ST|835|0001~BPR|I|126.73|C|ACH|CCP|01|092904554|DA|150097034071|1201494502||01|111000025|DA|488038453432|20150916~TRN|1|EFT2814051|1201494502~REF|EV|FIS123456789~REF|F2|TXMC QNXT~DTM|405|20150915~N1|PR|MOLINA HEALTHCARE OF TEXAS, INC~N3|2505 N. STATE HIGHWAY 360|STE 300~N4|GRAND PRAIRIE|TX|75050~N1|PE|DFW PRIMARY CARE PLLC|XX|1063835361~N3|2925 SKYWAY CICLE NORTH~N4|IRVING|TX|750383510~REF|TJ|464596718~LX|1~CLP|6053-3811|1|88|33.27||MC|15257904100~NM1|QC|1|TIFFANY|WRIGHT||||MI|520010117~NM1|74|1|WRIGHT|TIFFANY~NM1|82|1|KETHA|SUMANA||||XX|1962447805~REF|CE|TQMBPL6979~DTM|232|20150629~DTM|233|20150629~DTM|050|20150914~AMT|AU|88~SVC|HC^99213|88|33.27||1~DTM|472|20150629~CAS|CO|45|54.73~REF|6R|1550850180Z1~AMT|B6|33.27~CLP|5754-3820|1|130|46.73||MC|15257904106~NM1|QC|1|SMITH|MARY|A|||MI|513382826~NM1|82|1|KETHA|SUMANA||||XX|1962447805~REF|CE|TQMBPL6979~DTM|232|20150904~DTM|233|20150904~DTM|050|20150914~AMT|AU|130~SVC|HC^99214|130|46.73||1~DTM|472|20150904~CAS|CO|45|83.27~REF|6R|1550855125Z1~AMT|B6|46.73~CLP|566-3821|1|130|46.73||MC|15257904114~NM1|QC|1|SMITH|GAROLD|D|||MI|522182631~NM1|82|1|KETHA|SUMANA||||XX|1962447805~REF|CE|TQMBPL6979~DTM|232|20150904~DTM|233|20150904~DTM|050|20150914~AMT|AU|130~SVC|HC^99214|130|46.73||1~DTM|472|20150904~CAS|CO|45|83.27~REF|6R|1550855126Z1~AMT|B6|46.73~SE|55|0001~ST|835|0002~BPR|I|307.56|C|ACH|CCP|01|092904554|DA|150097034071|1201494502||01|111000025|DA|488038453432|20150916~TRN|1|EFT2815799|1201494502~REF|EV|FIS123456789~REF|F2|TXMC QNXT~DTM|405|20150915~N1|PR|MOLINA HEALTHCARE OF TEXAS, INC~N3|2505 N. STATE HIGHWAY 360|STE 300~N4|GRAND PRAIRIE|TX|75050~N1|PE|DFW PRIMARY CARE PLLC|XX|1063835361~N3|2925 SKYWAY CICLE NORTH~N4|IRVING|TX|750383510~REF|TJ|464596718~LX|1~CLP|378-3805|1|430|307.56|29.52|HM|15254900692~NM1|QC|1|SEGOVIA|CANDELARIA||||MI|500000028072~NM1|82|1|KETHA|SUMANA||||XX|1962447805~REF|CE|QMXBP8141~DTM|232|20150903~DTM|233|20150903~DTM|050|20150911~AMT|AU|400.48~SVC|HC^99215^25|174|115.73||1~DTM|472|20150903~CAS|CO|131|2.36||45|26.39~CAS|PR|2|29.52~REF|6R|1549360483Z1~AMT|B6|147.61~SVC|HC^94760|4|0||1~DTM|472|20150903~CAS|CO|97|4~REF|6R|1549360483Z2~SVC|HC^95923|252|191.83||1~DTM|472|20150903~CAS|CO|131|3.91||45|56.26~REF|6R|1549360483Z3~AMT|B6|195.74~CLP|378-3805|1|430|0||MC|15254900692M~NM1|QC|1|SEGOVIA|CANDELARIA||||MI|500000028072~NM1|74|1||||||C|530273490~NM1|82|1|KETHA|SUMANA||||XX|1962447805~REF|CE|QMXBP8137~DTM|232|20150903~DTM|233|20150903~DTM|050|20150914~AMT|AU|174~SVC|HC^99215^25|174|0||1~DTM|472|20150903~CAS|CO|45|58.27~CAS|OA|23|115.73~REF|6R|1549360483Z1~AMT|B6|71.93~SVC|HC^94760|4|0||1~DTM|472|20150903~CAS|CO|45|4~REF|6R|1549360483Z2~SVC|HC^95923|252|0||1~DTM|472|20150903~CAS|CO|45|60.17~CAS|OA|23|191.83~REF|6R|1549360483Z3~SE|62|0002~GE|2|1371~IEA|1|000001376~