ISA|00|          |00|          |ZZ|ZIRMED         |ZZ|PAYER          |151031|1342|U|00401|000001490|0|P|^~GS|HP|ZIRMED|PROVIDERHIS|20151031|1342|1485|X|004010X091A1~ST|835|0001~BPR|I|79.12|C|ACH|CCP|01|071000505|DA|5800366444|1742770542||01|111000025|DA|488038453432|20151102~TRN|1|0901597067|1742770542~REF|EV|999999999999999~DTM|405|20151102~N1|PR|SUPERIOR HEALTH PLAN~N3|6070 GATEWAY EAST|SUITE 400~N4|EL PASO|TX|79905~N1|PE|DFW GERIATRICS PLLC|XX|1063835361~N3|2925 SKWY CIR N~N4|IRVING|TX|75038~REF|TJ|464596718~LX|1~CLP|6048-4023|1|178|79.12||HM|O300TXE55403|11|E~NM1|QC|1|MARTIN|GERTRUDE||||MR|504273668~NM1|IL|1|MARTIN|GERTRUDE||||MI|00187200401~NM1|82|1|KETHA|SUMANA||||XX|1962447805~REF|EA|000000035696~REF|G2|168813~SVC|HC^99215^25|174|79.12||1~DTM|472|20151016~CAS|CO|45|94.88~REF|6R|1589122953Z1~REF|HPI|1962447805~AMT|B6|79.12~SVC|HC^94760|4|0||1~DTM|472|20151016~CAS|CO|97|4~REF|6R|1589122953Z2~REF|HPI|1962447805~AMT|B6|2.65~LQ|HE|N525~SE|33|0001~GE|1|1485~IEA|1|000001490~