ISA|00|          |00|          |ZZ|ZIRMED         |ZZ|11             |151012|1009|U|00401|000001437|0|P|^~GS|HP|ZIRMED|FIS123456789|20151012|1009|1432|X|004010X091A1~ST|835|0001~BPR|I|279.02|C|ACH|CCP|01|092904554|DA|150097034071|1201494502||01|111000025|DA|488038453432|20151009~TRN|1|EFT2875643|1201494502~REF|EV|FIS123456789~REF|F2|TXMC QNXT~DTM|405|20151008~N1|PR|MOLINA HEALTHCARE OF TEXAS, INC~N3|2505 N. STATE HIGHWAY 360|STE 300~N4|GRAND PRAIRIE|TX|75050~N1|PE|DFW PRIMARY CARE PLLC|XX|1063835361~N3|2925 SKYWAY CICLE NORTH~N4|IRVING|TX|750383510~REF|TJ|464596718~LX|1~CLP|553-3905|1|471|279.02||MC|15275913005~NM1|QC|1|LARGE|BILLY|W|||MI|615579278~NM1|82|1|KETHA|SUMANA||||XX|1962447805~REF|CE|TQMBPL6979~DTM|232|20150925~DTM|233|20150925~DTM|050|20151002~AMT|AU|471~SVC|HC^99214^25|130|46.73||1~DTM|472|20150925~CAS|CO|45|83.27~REF|6R|1567839977Z1~AMT|B6|46.73~SVC|HC^90654|23|17.82||1~DTM|472|20150925~CAS|CO|45|5.18~REF|6R|1567839977Z2~AMT|B6|17.82~SVC|HC^90471|33|7.84||1~DTM|472|20150925~CAS|CO|45|25.16~REF|6R|1567839977Z3~AMT|B6|7.84~SVC|HC^96372|29|0||1~DTM|472|20150925~CAS|CO|16|29~REF|6R|1567839977Z4~LQ|HE|N56~SVC|HC^94760|4|0||1~DTM|472|20150925~CAS|CO|234|4~REF|6R|1567839977Z5~LQ|HE|M15~SVC|HC^95923|252|206.63||1~DTM|472|20150925~CAS|CO|45|45.37~REF|6R|1567839977Z6~AMT|B6|206.63~SE|53|0001~GE|1|1432~IEA|1|000001437~