ISA|00|          |00|          |ZZ|ZIRMED         |ZZ|611358935      |150529|1248|U|00401|000000985|0|P|^~GS|HP|ZIRMED|611358935|20150529|1248|980|X|004010X091A1~ST|835|0001~BPR|H|0|C|NON||||||||||||20150529~TRN|1|8651514105352 20150522 0036792|1591031071|62308~REF|EV|133052274~REF|F2|1~DTM|405|20150529~N1|PR|CIGNA HEALTH AND LIFE INSURANCE COMPANY~N3|P. O. BOX 182223~N4|CHATTANOOGA|TN|374227223~REF|2U|62308~N1|PE|DFW GERIATRICS PLLC|XX|1063835361~N3|2925 SKYWAY N CIR~N4|IRVING|TX|750383510~REF|TJ|464596718~LX|1~TS3|1063835361|11|20151231|1|88~CLP|5892-2891|1|88|0|78.23|13|8651514105352|11|1~NM1|QC|1|ANKEM|LAKSHMI|D|||MI|U3719966202~NM1|IL|1|ANKEM|LAKSHMI||||MI|U3719966201~NM1|82|1|KETHA|SUMANA|D|||XX|1962447805~REF|1L|3318596~REF|CE|OPEN ACCESS PLUS~DTM|050|20150521~DTM|232|20150511~DTM|233|20150511~PER|CX|MEMBER SERVICES|TE|8002446224~AMT|AU|78.23~SVC|HC^99213|88|0||||1~CAS|CO|45|9.77~CAS|PR|1|78.23~REF|6R|1454127254Z1~AMT|B6|78.23~SE|33|0001~ST|835|0002~BPR|H|0|C|NON||||||||||||20150529~TRN|1|8651514105349 20150522 0036790|1591031071|62308~REF|EV|133052274~REF|F2|1~DTM|405|20150529~N1|PR|CIGNA HEALTH AND LIFE INSURANCE COMPANY~N3|P. O. BOX 182223~N4|CHATTANOOGA|TN|374227223~REF|2U|62308~N1|PE|DFW GERIATRICS PLLC|XX|1063835361~N3|2925 SKYWAY N CIR~N4|IRVING|TX|750383510~REF|TJ|464596718~LX|1~TS3|1063835361|11|20151231|1|53~CLP|5896-2892|1|53|0|46.98|13|8651514105349|11|1~NM1|QC|1|ANKEM|NAGAMURALI||||MI|U3719966201~NM1|82|1|KETHA|SUMANA|D|||XX|1962447805~REF|1L|3318596~REF|CE|OPEN ACCESS PLUS~DTM|050|20150521~DTM|232|20150511~DTM|233|20150511~PER|CX|MEMBER SERVICES|TE|8002446224~AMT|AU|46.98~SVC|HC^99212|53|0||||1~CAS|CO|45|6.02~CAS|PR|1|46.98~REF|6R|1454127256Z1~AMT|B6|46.98~SE|32|0002~GE|2|980~IEA|1|000000985~