ISA|00|          |00|          |ZZ|ZIRMED         |30|611340767      |150825|0835|U|00401|000001246|0|P|^~GS|HP|ZIRMED|611340767|20150825|0835|1241|X|004010X091A1~ST|835|0001~BPR|I|106.12|C|ACH|CCP|01|031100209|DA|0038865237|1066033492||01|111000025|DA|488038453432|20150827~TRN|1|160824150015508|1066033492~REF|EV|611340767~DTM|405|20150825~N1|PR|AETNA~N3|151 FARMINGTON AVENUE~N4|HARTFORD|CT|06156~N1|PE|KETHA, SUMANA|XX|1063835361~N3|2925 SKYWAY CIR N~N4|IRVING|TX|750383510~REF|PQ|762610840~REF|TJ|464596718~LX|1~TS3|1962447805|11|20151231|1|148~CLP|615-3555|1|148|106.12|15|HM|150821E353750000|11|1~NM1|QC|1|COOK|KEVIN||||MI|MEBHGTMK~NM1|82|2|KETHA, SUMANA|||||XX|1962447805~REF|1L|354054-129~REF|CE|HMO PREMIER NET 03214~DTM|232|20150807~DTM|233|20150807~DTM|050|20150821~PER|CX||TE|8006240756~AMT|AU|148~SVC|HC^99406|18|14.05||1~DTM|472|20150807~CAS|CO|253|.29||45|3.66~REF|6R|1533470385Z2~AMT|B6|14.34~LQ|HE|N59~SVC|HC^99214^25|130|92.07||1~DTM|472|20150807~CAS|CO|253|1.88||45|21.05~CAS|PR|3|15~REF|6R|1533470385Z1~AMT|B6|108.95~LQ|HE|N59~SE|39|0001~GE|1|1241~IEA|1|000001246~