ISA|00|          |00|          |ZZ|ZIRMED         |ZZ|GATE0084       |150511|2335|U|00401|000000893|1|P|^~GS|HP|ZIRMED|GATE0084|20150511|2335|888|X|004010X091A1~ST|835|0001~BPR|H|0|C|NON||||||||||||20150508~TRN|1|QK94505839|1411289245|000087726~DTM|405|20150508~N1|PR|UNITED HEALTHCARE INSURANCE COMPANY|XV|87726~N3|GREENSBORO SERVICE CENTER|PO BOX 30557~N4|SALT LAKE CITY|UT|841300557~REF|2U|87726~PER|CX|GREENSBORO SERVICE CENTER|TE|8778423210~N1|PE|SUMANA KETHA|XX|1063835361~N3|2925 SKYWAY CIR N~N4|IRVING|TX|750380000~REF|TJ|464596718~LX|1~TS3|1063835361|11|20151231|1|130~CLP|423-2739|1|130|0|116.66|13|5043158132 0140945493|11|1~NM1|QC|1|FAREEDA|JABEEN~NM1|IL|1|FAREEDA|JABEEN||||MI|918773674~NM1|74|1|MOHAMMED|AKRAMUDDIN~NM1|82|1|KETHA|SUMANA||||XX|1962447805~REF|CE|CHOYC+~REF|1L|503777~DTM|050|20150506~DTM|232|20150407~AMT|AU|130~SVC|HC^99214|130|0||1~DTM|472|20150407~CAS|CO|45|13.34~CAS|PR|1|116.66~REF|6R|1442229112Z1~AMT|B6|116.66~SE|32|0001~GE|1|888~IEA|1|000000893~