ISA|00|          |00|          |ZZ|ZIRMED         |29|E12705         |151128|0545|U|00401|000001600|0|P|^~GS|HP|ZIRMED|E12705|20151128|0545|1595|X|004010X091A1~ST|835|0001~BPR|I|1651.23|C|ACH|CCP|01|081517693|DA|152302017594|1205296137||01|111000025|DA|488038453432|20151130~TRN|1|891799062|1205296137~REF|EV|E12705~DTM|405|20151127~N1|PR|NOVITAS SOLUTIONS, INC.~N3|PO BOX 3110~N4|MECHANICSBURG|PA|170551826~REF|2U|04412~PER|CX||TE|8552528782~N1|PE|DFW GERIATRICS PLLC|XX|1063835361~N3|2925 SKYWAY CIRCLE NORTH~N4|IRVING|TX|750383510~REF|TJ|464596718~LX|1~CLP|403-4150|1|496|294|75|MB|2915320573950|11|1~NM1|QC|1|GOFF|YOLANDA||||HN|559256714A~NM1|82|1||||||XX|1962447805~MOA|||MA01~DTM|050|20151116~SVC|HC^99214^25|130|81.56||1~DTM|472|20151103~CAS|CO|45|25.98||253|1.66~CAS|PR|2|20.8~REF|6R|1606862481Z1~REF|LU|11~AMT|B6|104.02~SVC|HC^94760|4|0||||1~DTM|472|20151103~CAS|CO|50|4~REF|6R|1606862481Z2~REF|LU|11~LQ|HE|M25~LQ|HE|N115~SVC|HC^95923|252|145.78||1~DTM|472|20151103~CAS|CO|45|66.05||253|2.98~CAS|PR|2|37.19~REF|6R|1606862481Z3~REF|LU|11~AMT|B6|185.95~SVC|HC^95921|110|66.66||1~DTM|472|20151103~CAS|CO|45|24.97||253|1.36~CAS|PR|2|17.01~REF|6R|1606862481Z4~REF|LU|11~AMT|B6|85.03~CLP|6115-4138|1|496|294|75|MB|2915320573910|11|1~NM1|QC|1|GRAMES|HARRY||||HN|368382222A~NM1|82|1||||||XX|1962447805~MOA|||MA01~DTM|050|20151116~SVC|HC^99214^25|130|81.56||1~DTM|472|20151103~CAS|CO|45|25.98||253|1.66~CAS|PR|2|20.8~REF|6R|1606861848Z1~REF|LU|11~AMT|B6|104.02~SVC|HC^94760|4|0||||1~DTM|472|20151103~CAS|CO|97|4~REF|6R|1606861848Z2~REF|LU|11~LQ|HE|M80~SVC|HC^95923|252|145.78||1~DTM|472|20151103~CAS|CO|45|66.05||253|2.98~CAS|PR|2|37.19~REF|6R|1606861848Z3~REF|LU|11~AMT|B6|185.95~SVC|HC^95921|110|66.66||1~DTM|472|20151103~CAS|CO|45|24.97||253|1.36~CAS|PR|2|17.01~REF|6R|1606861848Z4~REF|LU|11~AMT|B6|85.03~CLP|380-4135|19|496|294|75|MB|2915320573930|11|1~NM1|QC|1|HAYNES|WILLIAM||||HN|455726510TA~NM1|82|1||||||XX|1962447805~NM1|TT|2|TX HEALTH & HUMAN SERVICES COMMI|||||PI|70051~MOA|||MA01|MA07~DTM|050|20151116~SVC|HC^99214^25|130|81.56||1~DTM|472|20151103~CAS|CO|45|25.98||253|1.66~CAS|PR|2|20.8~REF|6R|1606862462Z1~REF|LU|11~AMT|B6|104.02~SVC|HC^94760|4|0||||1~DTM|472|20151103~CAS|CO|97|4~REF|6R|1606862462Z2~REF|LU|11~LQ|HE|M80~SVC|HC^95923|252|145.78||1~DTM|472|20151103~CAS|CO|45|66.05||253|2.98~CAS|PR|2|37.19~REF|6R|1606862462Z3~REF|LU|11~AMT|B6|185.95~SVC|HC^95921|110|66.66||1~DTM|472|20151103~CAS|CO|45|24.97||253|1.36~CAS|PR|2|17.01~REF|6R|1606862462Z4~REF|LU|11~AMT|B6|85.03~CLP|6026-4018|2|229|100.71|43.68|MB|2915320573960|11|1~NM1|QC|1|HEIDLEBERG|GEORGE||||HN|461465630A~NM1|82|1||||||XX|1962447805~MOA|||MA01~DTM|050|20151116~SVC|HC^99214^25|130|81.56||1~DTM|472|20151016~CAS|CO|45|25.98||253|1.66~CAS|PR|2|20.8~REF|6R|1606863022Z1~REF|LU|11~AMT|B6|104.02~SVC|HC^90656|17|0||||1~DTM|472|20151016~CAS|OA|18|17~REF|6R|1606863022Z2~REF|LU|11~LQ|HE|N522~SVC|HC^G0008|31|0||||1~DTM|472|20151016~CAS|OA|18|31~REF|6R|1606863022Z3~REF|LU|11~LQ|HE|N522~SVC|HC^96372|29|19.15||1~DTM|472|20151016~CAS|CO|45|4.58||253|.39~CAS|PR|2|4.88~REF|6R|1606863022Z4~REF|LU|11~AMT|B6|24.42~SVC|HC^94760|4|0||||1~DTM|472|20151016~CAS|CO|97|4~REF|6R|1606863022Z5~REF|LU|11~LQ|HE|M80~SVC|HC^99406|18|0||||1~DTM|472|20151016~CAS|PR|19|18~REF|6R|1606863022Z6~REF|LU|11~CLP|417-2909|19|536|211.4|53.92|MB|2915320573990|11|1~NM1|QC|1|MACDONALD|JOHN||||HN|461941697A~NM1|82|1||||||XX|1962447805~NM1|TT|2|UMR|||||PI|00192~MOA|||MA01|MA18~DTM|050|20151116~SVC|HC^99215^25|174|0||||1~DTM|472|20150515~CAS|OA|18|174~REF|6R|1606863147Z1~REF|LU|11~LQ|HE|N522~SVC|HC^95923|252|145.06||1~DTM|472|20150515~CAS|CO|45|66.98||253|2.96~CAS|PR|2|37~REF|6R|1606863147Z2~REF|LU|11~AMT|B6|185.02~SVC|HC^95921|110|66.34||1~DTM|472|20150515~CAS|CO|45|25.39||253|1.35~CAS|PR|2|16.92~REF|6R|1606863147Z3~REF|LU|11~AMT|B6|84.61~CLP|307-4037|19|134|81.56|20.8|MB|2915320573970|11|1~NM1|QC|1|NEAL|CHESTER||||HN|441625131A~NM1|82|1||||||XX|1962447805~NM1|TT|2|TX HEALTH & HUMAN SERVICES COMMI|||||PI|70051~MOA|||MA01|MA07~DTM|050|20151116~SVC|HC^99214^25|130|81.56||1~DTM|472|20151019~CAS|CO|45|25.98||253|1.66~CAS|PR|2|20.8~REF|6R|1606863093Z1~REF|LU|11~AMT|B6|104.02~SVC|HC^94760|4|0||||1~DTM|472|20151019~CAS|CO|50|4~REF|6R|1606863093Z2~REF|LU|11~LQ|HE|M25~LQ|HE|N115~CLP|6114-4139|19|496|294|75|MB|2915320573940|11|1~NM1|QC|1|ROBERTS|CAROL||||HN|452433604A~NM1|82|1||||||XX|1962447805~NM1|TT|2|TX HEALTH & HUMAN SERVICES COMMI|||||PI|70051~MOA|||MA01|MA27|MA07~DTM|050|20151116~SVC|HC^99214^25|130|81.56||1~DTM|472|20151103~CAS|CO|45|25.98||253|1.66~CAS|PR|2|20.8~REF|6R|1606862473Z1~REF|LU|11~AMT|B6|104.02~SVC|HC^94760|4|0||||1~DTM|472|20151103~CAS|CO|50|4~REF|6R|1606862473Z2~REF|LU|11~LQ|HE|M25~LQ|HE|N115~SVC|HC^95923|252|145.78||1~DTM|472|20151103~CAS|CO|45|66.05||253|2.98~CAS|PR|2|37.19~REF|6R|1606862473Z3~REF|LU|11~AMT|B6|185.95~SVC|HC^95921|110|66.66||1~DTM|472|20151103~CAS|CO|45|24.97||253|1.36~CAS|PR|2|17.01~REF|6R|1606862473Z4~REF|LU|11~AMT|B6|85.03~CLP|381-4145|19|130|81.56|20.8|MB|2915320573920|11|1~NM1|QC|1|STIGGERS|BILLY||||HN|455488650A~NM1|82|1||||||XX|1962447805~NM1|TT|2|WPS - TRICARE FOR LIFE|||||PI|60000~MOA|||MA01|MA18~DTM|050|20151116~SVC|HC^99214|130|81.56||1~DTM|472|20151103~CAS|CO|45|25.98||253|1.66~CAS|PR|2|20.8~REF|6R|1606862456Z1~REF|LU|11~AMT|B6|104.02~SE|249|0001~GE|1|1595~IEA|1|000001600~