ISA|00|          |00|          |ZZ|ZIRMED         |29|E12705         |150324|0202|U|00401|000000719|0|P|^~GS|HP|ZIRMED|E12705|20150324|0202|714|X|004010X091A1~ST|835|0001~BPR|I|252.3|C|ACH|CCP|01|081517693|DA|152302017594|1205296137||01|111000025|DA|488038453432|20150324~TRN|1|889834205|1205296137~REF|EV|E12705~DTM|405|20150323~N1|PR|NOVITAS SOLUTIONS, INC.~N3|PO BOX 3110~N4|MECHANICSBURG|PA|170551826~REF|2U|04412~PER|CX||TE|8552528782~N1|PE|DFW GERIATRICS PLLC|XX|1063835361~N3|2925 SKYWAY CIRCLE NORTH~N4|IRVING|TX|750383510~REF|TJ|464596718~LX|1~CLP|10-2246|19|193|126.15|32.18|MB|2915069365770|32|1~NM1|QC|1|BENNETT|HARRAL||||HN|450600318A~NM1|82|1||||||XX|1962447805~NM1|TT|2|TX HEALTH & HUMAN SERVICES COMMI|||||PI|70051~MOA|||MA01|MA07~DTM|050|20150310~SVC|HC^99306|193|126.15||1~DTM|472|20141027~CAS|CO|45|32.1||253|2.57~CAS|PR|2|32.18~REF|LU|32~REF|6R|1393865046Z1~AMT|B6|160.9~CLP|261-2245|19|193|126.15|32.18|MB|2915069365740|32|1~NM1|QC|1|HARPER|JOE|M|||HN|452825305M~NM1|82|1||||||XX|1962447805~NM1|TT|2|TX HEALTH & HUMAN SERVICES COMMI|||||PI|70051~MOA|||MA01|MA07~DTM|050|20150310~SVC|HC^99306|193|126.15||1~DTM|472|20141027~CAS|CO|45|32.1||253|2.57~CAS|PR|2|32.18~REF|LU|32~REF|6R|1393865045Z1~AMT|B6|160.9~SE|42|0001~GE|1|714~IEA|1|000000719~