ISA|00|          |00|          |ZZ|ZIRMED         |ZZ|11             |150914|1605|U|00401|000001356|0|P|^~GS|HP|ZIRMED|FIS123456789|20150914|1605|1351|X|004010X091A1~ST|835|0001~BPR|I|80|C|ACH|CCP|01|092904554|DA|150097034071|1201494502||01|111000025|DA|488038453432|20150911~TRN|1|EFT2799581|1201494502~REF|EV|FIS123456789~REF|F2|TXMC QNXT~DTM|405|20150909~N1|PR|MOLINA HEALTHCARE OF TEXAS, INC~N3|2505 N. STATE HIGHWAY 360|STE 300~N4|GRAND PRAIRIE|TX|75050~N1|PE|DFW PRIMARY CARE PLLC|XX|1063835361~N3|2925 SKYWAY CICLE NORTH~N4|IRVING|TX|750383510~REF|TJ|464596718~LX|1~CLP|1128-3738|1|130|46.73||MC|15247921399~NM1|QC|1|MARTINEZ|MARTIN||||MI|530608840~NM1|82|1|KETHA|SUMANA||||XX|1962447805~REF|CE|TQMBPL6979~DTM|232|20150807~DTM|233|20150807~DTM|050|20150904~AMT|AU|130~SVC|HC^99214|130|46.73||1~DTM|472|20150807~CAS|CO|45|83.27~REF|6R|1544428564Z1~AMT|B6|46.73~CLP|2016-3737|1|88|33.27||MC|15247921406~NM1|QC|1|GILHART|JOHN|C|||MI|530427610~NM1|82|1|KETHA|SUMANA||||XX|1962447805~REF|CE|TQMBPL6979~DTM|232|20150807~DTM|233|20150807~DTM|050|20150904~AMT|AU|88~SVC|HC^99213|88|33.27||1~DTM|472|20150807~CAS|CO|45|54.73~REF|6R|1544429060Z1~AMT|B6|33.27~SE|41|0001~ST|835|0002~BPR|I|140.52|C|ACH|CCP|01|092904554|DA|150097034071|1201494502||01|111000025|DA|488038453432|20150911~TRN|1|EFT2802581|1201494502~REF|EV|FIS123456789~REF|F2|TXMC QNXT~DTM|405|20150909~N1|PR|MOLINA HEALTHCARE OF TEXAS, INC~N3|2505 N. STATE HIGHWAY 360|STE 300~N4|GRAND PRAIRIE|TX|75050~N1|PE|DFW PRIMARY CARE PLLC|XX|1063835361~N3|2925 SKYWAY CICLE NORTH~N4|IRVING|TX|750383510~REF|TJ|464596718~LX|1~CLP|6085-3543|1|264|39.48|10.07|HM|15247921394~NM1|QC|1|ARINWINE|VERA|L|||MI|500000028402~NM1|82|1|KETHA|SUMANA||||XX|1962447805~REF|CE|QMXBP8141~DTM|232|20150728~DTM|233|20150728~DTM|050|20150904~AMT|AU|253.93~SVC|HC^99387^25|208|0||1~DTM|472|20150728~CAS|CO|204|208||204|208~REF|6R|1544425981Z1~LQ|HE|N130~LQ|HE|N130~SVC|HC^69210|56|39.48||1~DTM|472|20150728~CAS|CO|131|.81||131|.81||45|5.64||45|5.64~CAS|PR|2|10.07||2|10.07~REF|6R|1544425981Z2~AMT|B6|50.36~CLP|6085-3543|2|264|101.04||MC|15247921394M~NM1|QC|1|ARINWINE|VERA|L|||MI|500000028402~NM1|74|1||||||C|529814914~NM1|82|1|KETHA|SUMANA||||XX|1962447805~REF|CE|QMXBP8137~DTM|232|20150728~DTM|233|20150728~DTM|050|20150907~AMT|AU|264~SVC|HC^99387^25|208|101.04||1~DTM|472|20150728~CAS|CO|45|106.96||45|106.96~REF|6R|1544425981Z1~AMT|B6|101.04~SVC|HC^69210|56|0||1~DTM|472|20150728~CAS|CO|45|16.52||45|16.52~CAS|OA|23|39.48||23|39.48~REF|6R|1544425981Z2~AMT|B6|37.42~SE|55|0002~GE|2|1351~IEA|1|000001356~