ISA|00|          |00|          |ZZ|ZIRMED         |29|E12705         |150702|0541|U|00401|000001108|0|P|^~GS|HP|ZIRMED|E12705|20150702|0541|1103|X|004010X091A1~ST|835|0001~BPR|H|0|C|NON||||||||||||20150702~TRN|1|459416886|1205296137~REF|EV|E12705~DTM|405|20150701~N1|PR|NOVITAS SOLUTIONS, INC.~N3|PO BOX 3110~N4|MECHANICSBURG|PA|170551826~REF|2U|04412~PER|CX||TE|8552528782~N1|PE|DFW GERIATRICS PLLC|XX|1063835361~N3|2925 SKYWAY CIRCLE NORTH~N4|IRVING|TX|750383510~REF|TJ|464596718~LX|1~CLP|305-2569|1|130|0||MB|2815177808750|31|1~NM1|QC|1|RECTOR|HOWARD||||HN|458299308A~NM1|82|1||||||XX|1962447805~MOA|||MA01~DTM|050|20150626~SVC|HC^99214|130|0||||1~DTM|472|20150211~CAS|CO|58|130~REF|6R|1484574116Z1~REF|LU|31~SE|26|0001~ST|835|0002~BPR|I|313.42|C|ACH|CCP|01|081517693|DA|152302017594|1205296137||01|111000025|DA|488038453432|20150702~TRN|1|890490169|1205296137~REF|EV|E12705~DTM|405|20150701~N1|PR|NOVITAS SOLUTIONS, INC.~N3|PO BOX 3110~N4|MECHANICSBURG|PA|170551826~REF|2U|04412~PER|CX||TE|8552528782~N1|PE|DFW GERIATRICS PLLC|XX|1063835361~N3|2925 SKYWAY CIRCLE NORTH~N4|IRVING|TX|750383510~REF|TJ|464596718~LX|1~CLP|390-2420|19|130|72.32|18.45|MB|2815169657520|11|1~NM1|QC|1|ANDREWS|EDWARD||||HN|459842820A~NM1|82|1||||||XX|1679978068~NM1|TT|2|TX HEALTH & HUMAN SERVICES COMMI|||||PI|70051~MOA|||MA01|MA07~DTM|050|20150618~SVC|HC^99214|130|72.32||1~DTM|472|20141114~CAS|CO|45|37.75||253|1.48~CAS|PR|2|18.45~REF|6R|1477837493Z1~REF|LU|11~AMT|B6|92.25~CLP|878-2932|1|130|81.14|20.7|MB|2815169657470|11|1~NM1|QC|1|DOSS|ROCHELLE||||HN|356526697A~NM1|82|1||||||XX|1962447805~MOA|||MA01~DTM|050|20150618~SVC|HC^99214|130|81.14||1~DTM|472|20150521~CAS|CO|45|26.5||253|1.66~CAS|PR|2|20.7~REF|6R|1477809804Z1~REF|LU|11~AMT|B6|103.5~CLP|312-2966|1|130|72.32|18.45|MB|2815169657540|11|1~NM1|QC|1|MITCHELL|REBECCA||||HN|562745087A~NM1|82|1||||||XX|1679978068~MOA|||MA01~DTM|050|20150618~SVC|HC^99214|130|72.32||1~DTM|472|20141103~CAS|CO|45|37.75||253|1.48~CAS|PR|2|18.45~REF|6R|1477843209Z1~REF|LU|11~AMT|B6|92.25~CLP|314-3035|1|24|15.03|3.83|MB|2815169657500|11|1~NM1|QC|1|PALMER|LARRY||||HN|382562993A~NM1|82|1||||||XX|1962447805~MOA|||MA01~DTM|050|20150618~SVC|HC^99211|24|15.03||1~DTM|472|20150615~CAS|CO|45|4.83||253|.31~CAS|PR|2|3.83~REF|6R|1477813603Z1~REF|LU|11~AMT|B6|19.17~CLP|418-2967|1|130|72.61|18.52|MB|2815169657510|11|1~NM1|QC|1|TODD|MICHAEL|S|||HN|466453707A~NM1|82|1||||||XX|1679978068~MOA|||MA01~DTM|050|20150618~SVC|HC^99214|130|72.61||1~DTM|472|20150410~CAS|CO|45|37.39||253|1.48~CAS|PR|2|18.52~REF|6R|1477836413Z1~REF|LU|11~AMT|B6|92.61~SE|77|0002~GE|2|1103~IEA|1|000001108~