ISA|00|          |00|          |ZZ|ZIRMED         |30|611340767      |150519|1121|U|00401|000000917|0|P|^~GS|HP|ZIRMED|611340767|20150519|1121|912|X|004010X091A1~ST|835|0001~BPR|I|183.16|C|ACH|CCP|01|011900445|DA|0000009046|1066033492||01|111000025|DA|488038453432|20150522~TRN|1|815138540004444|1066033492~REF|EV|611340767~DTM|405|20150519~N1|PR|AETNA~N3|151 FARMINGTON AVENUE~N4|HARTFORD|CT|06156~N1|PE|KETHA, SUMANA|XX|1063835361~N3|2925 SKYWAY CIR N~N4|IRVING|TX|750383510~REF|PQ|762610840~REF|TJ|464596718~LX|1~TS3|1063835361|11|20151231|2|218~CLP|1151-2701|1|130|127.31||13|E0PBLXB0Q0000|11|1~NM1|QC|1|IKE|OBED||||MI|05473939W~NM1|74|1|||O|||C|W196737244~NM1|82|1|KETHA|SUMANA||||XX|1063835361~REF|1L|0895530-022-00101-DA~REF|CE|AETNA HEALTHFUND  AETNA CHOICE  POS II NET 00338~DTM|232|20150323~DTM|233|20150323~DTM|050|20150507~PER|CX||TE|8886323862~AMT|AU|130~SVC|HC^99214|130|127.31||1~DTM|472|20150323~CAS|CO|45|2.69~CAS|PR|1|127.31||187|-127.31~REF|6R|1443121351Z1~AMT|B6|127.31~CLP|5226-2687|1|88|55.85|30|13|E4Y0LXYXV0000|11|1~NM1|QC|1|RAFIQUE|MUHAMMAD||||MI|W161621972~NM1|82|1|KETHA|SUMANA||||XX|1063835361~REF|1L|0819974-010-00001-AA~REF|CE|AETNA SELECT  8480 NET 00640~DTM|232|20150312~DTM|233|20150312~DTM|050|20150508~PER|CX||TE|8886323862~AMT|AU|88~SVC|HC^99213|88|55.85||1~DTM|472|20150312~CAS|CO|45|2.15~CAS|PR|3|30~REF|6R|1444304159Z1~AMT|B6|85.85~SE|49|0001~ST|835|0002~BPR|I|122.31|C|ACH|CCP|01|031100209|DA|0000009108|1066033492||01|111000025|DA|488038453432|20150522~TRN|1|815138490004234|1066033492~REF|EV|611340767~DTM|405|20150519~N1|PR|AETNA~N3|151 FARMINGTON AVENUE~N4|HARTFORD|CT|06156~N1|PE|KETHA, SUMANA|XX|1063835361~N3|2925 SKYWAY CIR N~N4|IRVING|TX|750383510~REF|PQ|762610840~REF|TJ|464596718~LX|1~TS3|1063835361|11|20151231|1|130~CLP|5052-2782|1|130|122.31|5|13|E535LY7ZL0000|11|1~NM1|QC|1|MOHAMED|SAWSAN||||MI|W204469989~NM1|74|1|ELBASHEER|OMER|A~NM1|82|1|KETHA|SUMANA||||XX|1063835361~REF|1L|0618631-010-00701-EA~REF|CE|AETNA OPEN ACCESS  MANAGED CHOICE NET 00338~DTM|232|20150303~DTM|233|20150303~DTM|050|20150508~PER|CX||TE|8886323862~AMT|AU|130~SVC|HC^99214|130|122.31||1~DTM|472|20150303~CAS|CO|45|2.69~CAS|PR|3|5~REF|6R|1444313905Z1~AMT|B6|127.31~SE|33|0002~GE|2|912~IEA|1|000000917~