ISA|00|          |00|          |ZZ|ZIRMED         |ZZ|11             |151126|1704|U|00401|000001597|0|P|^~GS|HP|ZIRMED|FIS123456789|20151126|1704|1592|X|004010X091A1~ST|835|0001~BPR|I|233.65|C|ACH|CCP|01|092904554|DA|150097034071|1201494502||01|111000025|DA|488038453432|20151125~TRN|1|EFT2990177|1201494502~REF|EV|FIS123456789~REF|F2|TXMC QNXT~DTM|405|20151123~N1|PR|MOLINA HEALTHCARE OF TEXAS, INC~N3|2505 N. STATE HIGHWAY 360|STE 300~N4|GRAND PRAIRIE|TX|75050~N1|PE|DFW PRIMARY CARE PLLC|XX|1063835361~N3|2925 SKYWAY CICLE NORTH~N4|IRVING|TX|750383510~REF|TJ|464596718~LX|1~CLP|3166-4353|1|130|46.73||MC|15324917755~NM1|QC|1|WOLTER|DEBORAH|K|||MI|530188360~NM1|82|1|KETHA|SUMANA||||XX|1962447805~REF|CE|TQMBPL6979~DTM|232|20151116~DTM|233|20151116~DTM|050|20151120~AMT|AU|130~SVC|HC^99214^25|130|46.73||1~DTM|472|20151116~CAS|CO|45|83.27~REF|6R|1610415497Z1~AMT|B6|46.73~SVC|HC^G8427|0|0||1~DTM|472|20151116~REF|6R|1610415497Z2~LQ|HE|N130~SVC|HC^G8950|0|0||1~DTM|472|20151116~REF|6R|1610415497Z3~LQ|HE|N130~CLP|6139-4358|1|130|46.73||MC|15324917761~NM1|QC|1|WHITE|KELVIN|S|||MI|525054201~NM1|82|1|KETHA|SUMANA||||XX|1962447805~REF|CE|TQMBPL6979~DTM|232|20151116~DTM|233|20151116~DTM|050|20151120~AMT|AU|130~SVC|HC^99214^25|130|46.73||1~DTM|472|20151116~CAS|CO|45|83.27~REF|6R|1610415499Z1~AMT|B6|46.73~SVC|HC^G8427|0|0||1~DTM|472|20151116~REF|6R|1610415499Z2~LQ|HE|N130~SVC|HC^G8950|0|0||1~DTM|472|20151116~REF|6R|1610415499Z3~LQ|HE|N130~CLP|566-4368|1|130|46.73||MC|15324917767~NM1|QC|1|SMITH|GAROLD|D|||MI|522182631~NM1|82|1|KETHA|SUMANA||||XX|1962447805~REF|CE|TQMBPL6979~DTM|232|20151116~DTM|233|20151116~DTM|050|20151120~AMT|AU|130~SVC|HC^99214^25|130|46.73||1~DTM|472|20151116~CAS|CO|45|83.27~REF|6R|1610415502Z1~AMT|B6|46.73~SVC|HC^G8427|0|0||1~DTM|472|20151116~REF|6R|1610415502Z2~LQ|HE|N130~SVC|HC^G8950|0|0||1~DTM|472|20151116~REF|6R|1610415502Z3~LQ|HE|N130~CLP|1458-4381|1|130|46.73||MC|15324917772~NM1|QC|1|CARTER|ARTIE|J|||MI|525060269~NM1|82|1|KETHA|SUMANA||||XX|1962447805~REF|CE|TQMBPL6979~DTM|232|20151117~DTM|233|20151117~DTM|050|20151120~AMT|AU|130~SVC|HC^99214^25|130|46.73||1~DTM|472|20151117~CAS|CO|45|83.27~REF|6R|1610415508Z1~AMT|B6|46.73~SVC|HC^G8427|0|0||1~DTM|472|20151117~REF|6R|1610415508Z2~LQ|HE|N130~SVC|HC^G8950|0|0||1~DTM|472|20151117~REF|6R|1610415508Z3~LQ|HE|N130~CLP|1128-4280|1|130|46.73||MC|15324917787~NM1|QC|1|MARTINEZ|MARTIN||||MI|530608840~NM1|82|1|KETHA|SUMANA||||XX|1962447805~REF|CE|TQMBPL6979~DTM|232|20151112~DTM|233|20151112~DTM|050|20151120~AMT|AU|130~SVC|HC^99214^25|130|46.73||1~DTM|472|20151112~CAS|CO|45|83.27~REF|6R|1610415495Z1~AMT|B6|46.73~SVC|HC^G8427|0|0||1~DTM|472|20151112~REF|6R|1610415495Z2~LQ|HE|N130~SVC|HC^G8950|0|0||1~DTM|472|20151112~REF|6R|1610415495Z3~LQ|HE|N130~SVC|HC^1036F|0|0||1~DTM|472|20151112~REF|6R|1610415495Z4~LQ|HE|N130~SE|124|0001~GE|1|1592~IEA|1|000001597~