ISA|00|          |00|          |ZZ|ZIRMED         |ZZ|11             |151229|0708|U|00401|000001681|0|P|^~GS|HP|ZIRMED|FIS123456789|20151229|0708|1676|X|004010X091A1~ST|835|0001~BPR|I|46.73|C|ACH|CCP|01|092904554|DA|150097034071|1201494502||01|111000025|DA|488038453432|20151228~TRN|1|EFT3061037|1201494502~REF|EV|FIS123456789~REF|F2|TXMC QNXT~DTM|405|20151224~N1|PR|MOLINA HEALTHCARE OF TEXAS, INC~N3|2505 N. STATE HIGHWAY 360|STE 300~N4|GRAND PRAIRIE|TX|75050~N1|PE|DFW PRIMARY CARE PLLC|XX|1063835361~N3|2925 SKYWAY CICLE NORTH~N4|IRVING|TX|750383510~REF|TJ|464596718~LX|1~CLP|6156-4857|1|148|46.73||MC|15355911170~NM1|QC|1|MCKENZIE|PAMELA|D|||MI|511007200~NM1|82|1|KETHA|SUMANA||||XX|1962447805~REF|CE|TQMBPL6979~DTM|232|20151208~DTM|233|20151208~DTM|050|20151221~AMT|AU|148~SVC|HC^99214^25|130|46.73||1~DTM|472|20151208~CAS|CO|45|83.27~REF|6R|1638198939Z1~AMT|B6|46.73~SVC|HC^99406|18|0||1~DTM|472|20151208~CAS|CO|16|18~REF|6R|1638198939Z2~LQ|HE|M64~SE|33|0001~GE|1|1676~IEA|1|000001681~