ISA|00|          |00|          |ZZ|ZIRMED         |29|E12705         |150508|0431|U|00401|000000052|0|P|^~GS|HP|ZIRMED|E12705|20150508|0431|52|X|004010X091A1~ST|835|0001~BPR|H|0|C|NON||||||||||||20150508~TRN|1|459168304|1205296137~REF|EV|E12705~DTM|405|20150507~N1|PR|NOVITAS SOLUTIONS, INC.~N3|PO BOX 3110~N4|MECHANICSBURG|PA|170551826~REF|2U|04412~PER|CX||TE|8552528782~N1|PE|SUMANA KETHA, MD PA|XX|1356565865~N3|2925 SKYWAY CIRCLE NORTH~N4|IRVING|TX|750383510~REF|TJ|201401614~LX|1~CLP|5401-50|1|51|0||MB|2815126694270|32|1~NM1|QC|1|BACCUS|MARILYN||||HN|466179221T~MOA|||MA130~DTM|050|20150506~SVC|HC^99307|51|0||||1~DTM|472|20150313~CAS|CO|16|51~REF|LU|32~REF|6R|1441997891Z1~LQ|HE|MA112~LQ|HE|MA130~CLP|6027-48|1|51|0||MB|2815126694290|32|1~NM1|QC|1|BOOKER|ROY|G|||HN|458824469M~NM1|82|1||||||XX|1962447805~MOA|||MA01~DTM|050|20150506~SVC|HC^99307|51|0||||1~DTM|472|20150316~CAS|OA|18|51~REF|LU|32~REF|6R|1441998206Z1~LQ|HE|N522~CLP|6027-35|1|51|0||MB|2815126694690|32|1~NM1|QC|1|BOOKER|ROY|G|||HN|458824469M~NM1|82|1||||||XX|1962447805~MOA|||MA01~DTM|050|20150506~SVC|HC^99307|51|0||||1~DTM|472|20150330~CAS|OA|18|51~REF|LU|32~REF|6R|1442002697Z1~LQ|HE|N522~CLP|857-37|1|51|0||MB|2815126694710|32|1~NM1|QC|1|BURTON|DOLORES||||HN|456446751A~NM1|82|1||||||XX|1962447805~MOA|||MA01~DTM|050|20150506~SVC|HC^99307|51|0||||1~DTM|472|20150327~CAS|OA|18|51~REF|LU|32~REF|6R|1442002699Z1~LQ|HE|N522~CLP|5937-38|1|51|0||MB|2815126694720|32|1~NM1|QC|1|CLOSE|J W||||HN|459866682A~NM1|82|1||||||XX|1962447805~MOA|||MA01~DTM|050|20150506~SVC|HC^99307|51|0||||1~DTM|472|20150330~CAS|OA|18|51~REF|LU|32~REF|6R|1442002700Z1~LQ|HE|N522~CLP|14-47|1|51|0||MB|2815126694480|32|1~NM1|QC|1|HOLLAND|TRUDY||||HN|465045111A~NM1|82|1||||||XX|1962447805~MOA|||MA01~DTM|050|20150506~SVC|HC^99307|51|0||||1~DTM|472|20150320~CAS|OA|18|51~REF|LU|32~REF|6R|1441998601Z1~LQ|HE|N522~CLP|5914-81|4|79|0||MB|2815126694550|32|1~NM1|QC|1|BENNETTJR|MARVIN||||HN|439482044A~NM1|82|1||||||XX|1962447805~MOA|||MA130|MA61~DTM|050|20150506~SVC|HC^99308|79|0||||1~DTM|472|20150326~CAS|CO|140|79~REF|LU|32~REF|6R|1442001294Z1~LQ|HE|MA130~LQ|HE|MA61~CLP|3503-42|1|51|0||MB|2815126694400|32|1~NM1|QC|1|RYLANDER|RICHARD||||HN|435661924A~NM1|82|1||||||XX|1962447805~MOA|||MA01~DTM|050|20150506~SVC|HC^99307|51|0||||1~DTM|472|20150317~CAS|OA|18|51~REF|LU|32~REF|6R|1441998587Z1~LQ|HE|N522~CLP|5582-46|1|51|0||MB|2815126694470|32|1~NM1|QC|1|SANDERS|TONY||||HN|467086770A~NM1|82|1||||||XX|1962447805~MOA|||MA01~DTM|050|20150506~SVC|HC^99307|51|0||||1~DTM|472|20150320~CAS|OA|18|51~REF|LU|32~REF|6R|1441998597Z1~LQ|HE|N522~CLP|5582-41|1|51|0||MB|2815126694740|32|1~NM1|QC|1|SANDERS|TONY||||HN|467086770A~NM1|82|1||||||XX|1962447805~MOA|||MA01~DTM|050|20150506~SVC|HC^99307|51|0||||1~DTM|472|20150330~CAS|OA|18|51~REF|LU|32~REF|6R|1442002702Z1~LQ|HE|N522~CLP|5584-40|1|51|0||MB|2815126694730|32|1~NM1|QC|1|SAVANNAH|BILLY||||HN|439621087A~NM1|82|1||||||XX|1962447805~MOA|||MA01~DTM|050|20150506~SVC|HC^99307|51|0||||1~DTM|472|20150330~CAS|OA|18|51~REF|LU|32~REF|6R|1442002701Z1~LQ|HE|N522~CLP|5573-34|1|51|0||MB|2815126694680|32|1~NM1|QC|1|SPENCER|GERALDINE||||HN|450745441A~NM1|82|1||||||XX|1962447805~MOA|||MA01~DTM|050|20150506~SVC|HC^99307|51|0||||1~DTM|472|20150330~CAS|OA|18|51~REF|LU|32~REF|6R|1442002696Z1~LQ|HE|N522~CLP|726-45|1|51|0||MB|2815126694410|32|1~NM1|QC|1|THOMAS|JIMMIE M||||HN|427101367D~NM1|82|1||||||XX|1962447805~MOA|||MA01~DTM|050|20150506~SVC|HC^99307|51|0||||1~DTM|472|20150320~CAS|OA|18|51~REF|LU|32~REF|6R|1441998588Z1~LQ|HE|N522~CLP|726-36|1|51|0||MB|2815126694700|32|1~NM1|QC|1|THOMAS|JIMMIE M||||HN|427101367D~NM1|82|1||||||XX|1962447805~MOA|||MA01~DTM|050|20150506~SVC|HC^99307|51|0||||1~DTM|472|20150330~CAS|OA|18|51~REF|LU|32~REF|6R|1442002698Z1~LQ|HE|N522~SE|171|0001~ST|835|0002~BPR|I|451.75|C|ACH|CCP|01|081517693|DA|152302017594|1205296137||01|111000025|DA|004785310244|20150508~TRN|1|890145698|1205296137~REF|EV|E12705~DTM|405|20150507~N1|PR|NOVITAS SOLUTIONS, INC.~N3|PO BOX 3110~N4|MECHANICSBURG|PA|170551826~REF|2U|04412~PER|CX||TE|8552528782~N1|PE|SUMANA KETHA, MD PA|XX|1356565865~N3|2925 SKYWAY CIRCLE NORTH~N4|IRVING|TX|750383510~REF|TJ|201401614~LX|1~CLP|5401-50|19|51|34.75|8.86|MB|2915114476170|32|1~NM1|QC|1|BACCUS|MARILYN||||HN|466179221T~NM1|82|1||||||XX|1962447805~NM1|TT|2|TX HEALTH & HUMAN SERVICES COMMI|||||PI|70051~MOA|||MA01|MA07~DTM|050|20150424~SVC|HC^99307|51|34.75||1~DTM|472|20150313~CAS|CO|45|6||237|.68||253|.71~CAS|PR|2|8.86~REF|LU|32~REF|6R|1432014723Z1~AMT|B6|44.32~LQ|HE|N699~CLP|6027-48|19|51|34.75|8.86|MB|2915114476190|32|1~NM1|QC|1|BOOKER|ROY|G|||HN|458824469M~NM1|82|1||||||XX|1962447805~NM1|TT|2|TX HEALTH & HUMAN SERVICES COMMI|||||PI|70051~MOA|||MA01|MA07~DTM|050|20150424~SVC|HC^99307|51|34.75||1~DTM|472|20150316~CAS|CO|45|6||237|.68||253|.71~CAS|PR|2|8.86~REF|LU|32~REF|6R|1432015011Z1~AMT|B6|44.32~LQ|HE|N699~CLP|6027-35|19|51|34.75|8.86|MB|2915114476240|32|1~NM1|QC|1|BOOKER|ROY|G|||HN|458824469M~NM1|82|1||||||XX|1962447805~NM1|TT|2|TX HEALTH & HUMAN SERVICES COMMI|||||PI|70051~MOA|||MA01|MA07~DTM|050|20150424~SVC|HC^99307|51|34.75||1~DTM|472|20150330~CAS|CO|45|6||237|.68||253|.71~CAS|PR|2|8.86~REF|LU|32~REF|6R|1432015102Z1~AMT|B6|44.32~LQ|HE|N699~CLP|857-37|19|51|34.75|8.86|MB|2915114476270|32|1~NM1|QC|1|BURTON|DOLORES||||HN|456446751A~NM1|82|1||||||XX|1962447805~NM1|TT|2|TX HEALTH & HUMAN SERVICES COMMI|||||PI|70051~MOA|||MA01|MA07~DTM|050|20150424~SVC|HC^99307|51|34.75||1~DTM|472|20150327~CAS|CO|45|6||237|.68||253|.71~CAS|PR|2|8.86~REF|LU|32~REF|6R|1432015274Z1~AMT|B6|44.32~LQ|HE|N699~CLP|5937-38|19|51|34.75|8.86|MB|2915114476290|32|1~NM1|QC|1|CLOSE|J W||||HN|459866682A~NM1|82|1||||||XX|1962447805~NM1|TT|2|TX HEALTH & HUMAN SERVICES COMMI|||||PI|70051~MOA|||MA01|MA07~DTM|050|20150424~SVC|HC^99307|51|34.75||1~DTM|472|20150330~CAS|CO|45|6||237|.68||253|.71~CAS|PR|2|8.86~REF|LU|32~REF|6R|1432015426Z1~AMT|B6|44.32~LQ|HE|N699~CLP|14-47|19|51|34.75|8.86|MB|2915114476460|32|1~NM1|QC|1|HOLLAND|TRUDY||||HN|465045111A~NM1|82|1||||||XX|1962447805~NM1|TT|2|TX HEALTH & HUMAN SERVICES COMMI|||||PI|70051~MOA|||MA01|MA07~DTM|050|20150424~SVC|HC^99307|51|34.75||1~DTM|472|20150320~CAS|CO|45|6||237|.68||253|.71~CAS|PR|2|8.86~REF|LU|32~REF|6R|1432024110Z1~AMT|B6|44.32~LQ|HE|N699~CLP|3503-42|19|51|34.75|8.86|MB|2915114476430|32|1~NM1|QC|1|RYLANDER|RICHARD||||HN|435661924A~NM1|82|1||||||XX|1962447805~NM1|TT|2|TX HEALTH & HUMAN SERVICES COMMI|||||PI|70051~MOA|||MA01|MA07~DTM|050|20150424~SVC|HC^99307|51|34.75||1~DTM|472|20150317~CAS|CO|45|6||237|.68||253|.71~CAS|PR|2|8.86~REF|LU|32~REF|6R|1432017469Z1~AMT|B6|44.32~LQ|HE|N699~CLP|5582-41|19|51|34.75|8.86|MB|2915114476390|32|1~NM1|QC|1|SANDERS|TONY||||HN|467086770A~NM1|82|1||||||XX|1962447805~NM1|TT|2|TX HEALTH & HUMAN SERVICES COMMI|||||PI|70051~MOA|||MA01|MA07~DTM|050|20150424~SVC|HC^99307|51|34.75||1~DTM|472|20150330~CAS|CO|45|6||237|.68||253|.71~CAS|PR|2|8.86~REF|LU|32~REF|6R|1432017328Z1~AMT|B6|44.32~LQ|HE|N699~CLP|5582-46|19|51|34.75|8.86|MB|2915114476410|32|1~NM1|QC|1|SANDERS|TONY||||HN|467086770A~NM1|82|1||||||XX|1962447805~NM1|TT|2|TX HEALTH & HUMAN SERVICES COMMI|||||PI|70051~MOA|||MA01|MA07~DTM|050|20150424~SVC|HC^99307|51|34.75||1~DTM|472|20150320~CAS|CO|45|6||237|.68||253|.71~CAS|PR|2|8.86~REF|LU|32~REF|6R|1432017373Z1~AMT|B6|44.32~LQ|HE|N699~CLP|5584-40|19|51|34.75|8.86|MB|2915114476370|32|1~NM1|QC|1|SAVANNAH|BILLY||||HN|439621087A~NM1|82|1||||||XX|1962447805~NM1|TT|2|TX HEALTH & HUMAN SERVICES COMMI|||||PI|70051~MOA|||MA01|MA07~DTM|050|20150424~SVC|HC^99307|51|34.75||1~DTM|472|20150330~CAS|CO|45|6||237|.68||253|.71~CAS|PR|2|8.86~REF|LU|32~REF|6R|1432016968Z1~AMT|B6|44.32~LQ|HE|N699~CLP|5573-34|1|51|34.75|8.86|MB|2915114476350|32|1~NM1|QC|1|SPENCER|GERALDINE||||HN|450745441A~NM1|82|1||||||XX|1962447805~MOA|||MA01~DTM|050|20150424~SVC|HC^99307|51|34.75||1~DTM|472|20150330~CAS|CO|45|6||237|.68||253|.71~CAS|PR|2|8.86~REF|LU|32~REF|6R|1432016937Z1~AMT|B6|44.32~LQ|HE|N699~CLP|726-45|19|51|34.75|8.86|MB|2915114476310|32|1~NM1|QC|1|THOMAS|JIMMIE M||||HN|427101367D~NM1|82|1||||||XX|1962447805~NM1|TT|2|TX HEALTH & HUMAN SERVICES COMMI|||||PI|70051~MOA|||MA01|MA07~DTM|050|20150424~SVC|HC^99307|51|34.75||1~DTM|472|20150320~CAS|CO|45|6||237|.68||253|.71~CAS|PR|2|8.86~REF|LU|32~REF|6R|1432016875Z1~AMT|B6|44.32~LQ|HE|N699~CLP|726-36|19|51|34.75|8.86|MB|2915114476330|32|1~NM1|QC|1|THOMAS|JIMMIE M||||HN|427101367D~NM1|82|1||||||XX|1962447805~NM1|TT|2|TX HEALTH & HUMAN SERVICES COMMI|||||PI|70051~MOA|||MA01|MA07~DTM|050|20150424~SVC|HC^99307|51|34.75||1~DTM|472|20150330~CAS|CO|45|6||237|.68||253|.71~CAS|PR|2|8.86~REF|LU|32~REF|6R|1432016909Z1~AMT|B6|44.32~LQ|HE|N699~SE|197|0002~GE|2|52~IEA|1|000000052~