ISA|00|          |00|          |ZZ|ZIRMED         |ZZ|GATE0084       |150922|0141|U|00401|000001378|1|P|^~GS|HP|ZIRMED|GATE0084|20150922|0141|1373|X|004010X091A1~ST|835|0001~BPR|I|465.57|C|CHK||||||||||||20150918~TRN|1|PH91281734|1411289245|000087726~DTM|405|20150918~N1|PR|UNITED HEALTHCARE INSURANCE COMPANY|XV|87726~N3|P O BOX 740800~N4|ATLANTA|GA|303740800~REF|2U|87726~PER|CX|SPRINGFIELD SERVICE CENTER|TE|8778423210~N1|PE|SUMANA KETHA|XX|1063835361~N3|2925 SKYWAY CIR N~N4|IRVING|TX|750380000~REF|TJ|464596718~LX|1~TS3|1063835361|11|20151231|4|802~CLP|6073-3781|1|88|0|78.92|14|5198664099 0079552756|11|1~NM1|QC|1|SRIKAR|GANTI~NM1|IL|1|SRIKAR|GANTI||||MI|917493433~NM1|74|1|GANTI|SRIKAR~NM1|82|1|KETHA|SUMANA||||XX|1962447805~REF|1L|709012~REF|CE|CHOYC~DTM|050|20150910~DTM|232|20150903~AMT|AU|88~SVC|HC^99213|88|0||1~DTM|472|20150903~CAS|CO|45|9.08~CAS|PR|1|78.92~REF|6R|1549360474Z1~AMT|B6|78.92~CLP|6073-3802|1|88|0||14|5198664100 0079555941|11|1~NM1|QC|1|SRIKAR|GANTI~NM1|IL|1|SRIKAR|GANTI||||MI|917493433~NM1|74|1|GANTI|SRIKAR~NM1|82|1|KETHA|SUMANA||||XX|1962447805~REF|CE|CHOYC~REF|1L|709012~DTM|050|20150910~DTM|232|20150903~SVC|HC^99213|88|0||1~DTM|472|20150903~CAS|PI|B13|88~REF|6R|1549362887Z1~CLP|6094-3682|1|496|368.91|50.25|13|5200185037 0015214315|11|1~NM1|QC|1|JHA|OJASWINI~NM1|IL|1|JHA|OJASWINI||||MI|962665052~NM1|82|1|KETHA|SUMANA||||XX|1962447805~REF|1L|752713~REF|CE|CHOYC+~DTM|050|20150911~DTM|232|20150827~AMT|AU|492~SVC|HC^99214^25|130|96.66||1~DTM|472|20150827~CAS|CO|45|13.34~CAS|PR|3|20~REF|6R|1550888176Z1~AMT|B6|116.66~SVC|HC^94760|4|0||1~DTM|472|20150827~CAS|CO|234|4~REF|6R|1550888176Z2~LQ|HE|M80~SVC|HC^95923|252|177.67||1~DTM|472|20150827~CAS|CO|45|54.59~CAS|PR|2|19.74~REF|6R|1550888176Z3~AMT|B6|197.41~SVC|HC^95921|110|94.58||1~DTM|472|20150827~CAS|CO|45|4.91~CAS|PR|2|10.51~REF|6R|1550888176Z4~AMT|B6|105.09~CLP|5657-3778|1|130|96.66|20|13|5205135463 0073309692|11|1~NM1|QC|1|PULLAKANDAM|ANUSHA~NM1|IL|1|PULLAKANDAM|ANUSHA||||MI|957110687~NM1|74|1|KAKARAPARTHY|SRINIVASA|R~NM1|82|1|KETHA|SUMANA||||XX|1962447805~REF|CE|CHOYC+~REF|1L|227475~DTM|050|20150916~DTM|232|20150908~AMT|AU|130~SVC|HC^99214|130|96.66||1~DTM|472|20150908~CAS|CO|45|13.34~CAS|PR|3|20~REF|6R|1554572312Z1~AMT|B6|116.66~SE|93|0001~ST|835|0002~BPR|I|1498.27|C|CHK||||||||||||20150918~TRN|1|QC10618182|1411289245|000087726~DTM|405|20150918~N1|PR|UNITED HEALTHCARE INSURANCE COMPANY|XV|87726~N3|GREENSBORO SERVICE CENTER|PO BOX 30555~N4|SALT LAKE CITY|UT|841300555~REF|2U|87726~PER|CX|GREENSBORO SERVICE CENTER|TE|8778423210~N1|PE|SUMANA KETHA|XX|1063835361~N3|2925 SKYWAY CIR N~N4|IRVING|TX|750380000~REF|TJ|464596718~LX|1~TS3|1063835361|11|20151231|13|2291~CLP|6004-3695|1|155|128.3||13|5188886828 0017837893|11|1~NM1|QC|1|BEGUM|SHAHINUR~NM1|IL|1|BEGUM|SHAHINUR||||MI|964155145~NM1|82|1|KETHA|SUMANA||||XX|1962447805~REF|CE|COMP BA~REF|1L|902732~DTM|050|20150901~DTM|232|20150622~AMT|AU|155~SVC|HC^99396|155|128.3||1~DTM|472|20150622~CAS|CO|45|26.7~REF|6R|1541958466Z1~AMT|B6|128.3~CLP|6089-3708|1|130|106.66|10|13|5190141762 0017845820|11|1~NM1|QC|1|PATEL|SHILPA~NM1|IL|1|PATEL|SHILPA||||MI|940232384~NM1|74|1||VIPUL~NM1|82|1|KETHA|SUMANA||||XX|1962447805~REF|1L|902732~REF|CE|COMP BA~DTM|050|20150902~DTM|232|20150901~AMT|AU|130~SVC|HC^99214|130|106.66||1~DTM|472|20150901~CAS|CO|45|13.34~CAS|PR|3|10~REF|6R|1543338123Z1~AMT|B6|116.66~CLP|6089-3713|1|160|134.74||13|5190141761 0017850493|11|1~NM1|QC|1|PATEL|SHILPA~NM1|IL|1|PATEL|SHILPA||||MI|940232384~NM1|74|1||VIPUL~NM1|82|1|KETHA|SUMANA||||XX|1962447805~MOA|||MA15~REF|CE|COMP BA~REF|1L|902732~DTM|050|20150902~DTM|232|20150722~AMT|AU|160~SVC|HC^99385^25|160|134.74||1~DTM|472|20150722~CAS|CO|45|25.26~REF|6R|1543310139Z1~AMT|B6|134.74~CLP|6088-3712|1|186|156.18||13|5190141763 0017850500|11|1~NM1|QC|1|PATEL|VIPUL~NM1|IL|1|PATEL|VIPUL||||MI|940232384~NM1|82|1|KETHA|SUMANA||||XX|1962447805~MOA|||MA15~REF|CE|COMP BA~REF|1L|902732~DTM|050|20150902~DTM|232|20150722~AMT|AU|186~SVC|HC^99386^25|186|156.18||1~DTM|472|20150722~CAS|CO|45|29.82~REF|6R|1543297332Z1~AMT|B6|156.18~CLP|6056-3699|1|256|117.97|117.97|13|5188886826 0017977551|11|1~NM1|QC|1|SANGER|SWARN~NM1|IL|1|SANGER|SWARN||||MI|925583603~NM1|82|1|KETHA|SUMANA||||XX|1962447805~REF|CE|COMP BA~REF|1L|902732~DTM|050|20150901~DTM|232|20150625~AMT|AU|256~SVC|HC^99204^25|200|89.97||1~DTM|472|20150625~CAS|CO|45|20.06~CAS|PR|2|89.97~REF|6R|1541958476Z1~AMT|B6|179.94~SVC|HC^69210|56|28||1~DTM|472|20150625~CAS|PR|2|28~REF|6R|1541958476Z2~AMT|B6|56~CLP|6045-3526|1|130|41.66|75|13|5190141758 0017978605|11|1~NM1|QC|1|BASETTI|SHRAVANI~NM1|IL|1|BASETTI|SHRAVANI||||MI|912523146~NM1|82|1|KETHA|SUMANA||||XX|1962447805~REF|CE|COMP BA~REF|1L|902732~DTM|050|20150902~DTM|232|20150727~AMT|AU|130~SVC|HC^99214|130|41.66||1~DTM|472|20150727~CAS|CO|45|13.34~CAS|PR|3|75~REF|6R|1543292473Z1~AMT|B6|116.66~CLP|6056-3755|1|130|58.33|58.33|13|5190141760 0017977856|11|1~NM1|QC|1|SANGER|SWARN~NM1|IL|1|SANGER|SWARN||||MI|925583603~NM1|82|1|KETHA|SUMANA||||XX|1962447805~REF|1L|902732~REF|CE|COMP BA~DTM|050|20150902~DTM|232|20150901~AMT|AU|130~SVC|HC^99214|130|58.33||1~DTM|472|20150901~CAS|CO|45|13.34~CAS|PR|2|58.33~REF|6R|1543338148Z1~AMT|B6|116.66~CLP|6097-3573|1|208|169.41||13|5191758099 0017915266|11|1~NM1|QC|1|BATLANKI|LAKSHMI~NM1|IL|1|BATLANKI|LAKSHMI||||MI|963865687~NM1|82|1|KETHA|SUMANA||||XX|1962447805~MOA|||MA15~REF|CE|COMP BA~REF|1L|902732~DTM|050|20150903~DTM|232|20150810~AMT|AU|208~SVC|HC^99387^25|208|169.41||1~DTM|472|20150810~CAS|CO|45|38.59~REF|6R|1544425982Z1~AMT|B6|169.41~CLP|6097-3573|1|362|210.1|92.4|13|5191758099 0017915366|11|1~NM1|QC|1|BATLANKI|LAKSHMI~NM1|IL|1|BATLANKI|LAKSHMI||||MI|963865687~NM1|82|1|KETHA|SUMANA||||XX|1962447805~MOA|||MA15~REF|CE|COMP BA~REF|1L|902732~DTM|050|20150903~DTM|232|20150810~AMT|AU|362~SVC|HC^95923|252|115.52||1~DTM|472|20150810~CAS|CO|45|54.59~CAS|PR|1|69.05||2|12.84~REF|6R|1544425982Z2~AMT|B6|197.41~SVC|HC^95921|110|94.58||1~DTM|472|20150810~CAS|CO|45|4.91~CAS|PR|2|10.51~REF|6R|1544425982Z3~AMT|B6|105.09~CLP|6045-3688|1|145|120.09||13|5188886825 0018070973|11|1~NM1|QC|1|BASETTI|SHRAVANI~NM1|IL|1|BASETTI|SHRAVANI||||MI|912523146~NM1|82|1|KETHA|SUMANA||||XX|1962447805~REF|1L|902732~REF|CE|COMP BA~DTM|050|20150901~DTM|232|20150612~AMT|AU|145~SVC|HC^99395|145|120.09||1~DTM|472|20150612~CAS|CO|45|24.91~REF|6R|1541958458Z1~AMT|B6|120.09~CLP|6039-3693|1|145|120.09||13|5188886827 0018071738|11|1~NM1|QC|1|KOLAWOLE|OLUWABUKOLA~NM1|IL|1|KOLAWOLE|OLUWABUKOLA||||MI|940293716~NM1|74|1|||V~NM1|82|1|KETHA|SUMANA||||XX|1962447805~REF|1L|902732~REF|CE|COMP BA~DTM|050|20150901~DTM|232|20150622~AMT|AU|145~SVC|HC^99395|145|120.09||1~DTM|472|20150622~CAS|CO|45|24.91~REF|6R|1541958464Z1~AMT|B6|120.09~CLP|6099-3751|1|160|134.74||13|5190141759 0018074845|11|1~NM1|QC|1|ESTREMERA|DENISE~NM1|IL|1|ESTREMERA|DENISE||||MI|923203345~NM1|82|1|KETHA|SUMANA||||XX|1962447805~REF|1L|902732~REF|CE|COMP BA~DTM|050|20150902~DTM|232|20150901~AMT|AU|160~SVC|HC^99385|160|134.74||1~DTM|472|20150901~CAS|CO|45|25.26~REF|6R|1543338145Z1~AMT|B6|134.74~CLP|6112-3804|1|124|0||13|5198664098 0018145078|11|1~NM1|QC|1|DHUNGANA|TARA~NM1|IL|1|DHUNGANA|TARA||||MI|909706781~NM1|74|1||KUNDAN~NM1|82|1|KETHA|SUMANA||||XX|1962447805~MOA|||MA15~REF|CE|COMP BA~REF|1L|902732~DTM|050|20150910~DTM|232|20150903~SVC|HC^99203|124|0||1~DTM|472|20150903~CAS|CO|234|124~REF|6R|1549427176Z2~LQ|HE|M80~SE|222|0002~ST|835|0003~BPR|I|19.33|C|CHK||||||||||||20150918~TRN|1|QC59998023|1411289245|000087726~DTM|405|20150918~N1|PR|UNITED HEALTHCARE INSURANCE COMPANY|XV|87726~N3|P O BOX 740800~N4|ATLANTA|GA|303740800~REF|2U|87726~PER|CX|GREENSBORO SMALL GROUP|TE|8778423210~N1|PE|SUMANA KETHA|XX|1063835361~N3|2925 SKYWAY CIR N~N4|IRVING|TX|750380000~REF|TJ|464596718~LX|1~TS3|1063835361|11|20151231|3|62~CLP|6043-3818|1|29|19.33|4.83|13|5200185036 0018176624|11|1~NM1|QC|1|SINGH|AMIT KUMAR~NM1|IL|1|SINGH|AMIT KUMAR||||MI|931891256~NM1|82|1|KETHA|SUMANA||||XX|1962447805~REF|CE|CHOYC+~REF|1L|902866~DTM|050|20150911~DTM|232|20150909~AMT|AU|29~SVC|HC^99211^25|24|17.69||1~DTM|472|20150909~CAS|CO|45|1.89~CAS|PR|2|4.42~REF|6R|1550855123Z1~AMT|B6|22.11~SVC|HC^J3420|5|1.64||1~DTM|472|20150909~CAS|CO|45|2.95~CAS|PR|2|.41~REF|6R|1550855123Z2~AMT|B6|2.05~CLP|6119-3826|1|4|0||13|5205135462 0205927646|11|1~NM1|QC|1|SHARMA|BAL|C~NM1|IL|1|SHARMA|BAL|C|||MI|909304762~NM1|82|1|KETHA|SUMANA||||XX|1962447805~MOA|||MA15~REF|CE|CHOYC+~REF|1L|6P9778~DTM|050|20150916~DTM|232|20150911~SVC|HC^94760|4|0||1~DTM|472|20150911~CAS|CO|234|4~REF|6R|1554584641Z2~LQ|HE|M80~CLP|6119-3826|1|29|0|29|13|5205135462 0205927652|11|1~NM1|QC|1|SHARMA|BAL|C~NM1|IL|1|SHARMA|BAL|C|||MI|909304762~NM1|82|1|KETHA|SUMANA||||XX|1962447805~MOA|||MA15~REF|CE|CHOYC+~REF|1L|6P9778~DTM|050|20150916~DTM|232|20150911~AMT|AU|29~SVC|HC^96372|29|0||1~DTM|472|20150911~CAS|PR|1|29~REF|6R|1554584641Z3~AMT|B6|29~SE|66|0003~GE|3|1373~IEA|1|000001378~