ISA|00|          |00|          |ZZ|ZIRMED         |29|E12705         |150223|1633|U|00401|000000639|0|P|^~GS|HP|ZIRMED|E12705|20150223|1633|634|X|004010X091A1~ST|835|0001~BPR|H|0|C|NON||||||||||||20150223~TRN|1|458768541|1205296137~REF|EV|E12705~DTM|405|20150220~N1|PR|NOVITAS SOLUTIONS, INC.~N3|PO BOX 3110~N4|MECHANICSBURG|PA|170551826~REF|2U|04412~PER|CX||TE|8552528782~N1|PE|DFW GERIATRICS PLLC|XX|1063835361~N3|2925 SKYWAY CIRCLE NORTH~N4|IRVING|TX|750383510~REF|TJ|464596718~LX|1~CLP|322-1743|19|104|0|87.49|MB|2915048005410|31|1~NM1|QC|1|ALCORN|RITA||||HN|453524322A~NM1|82|1||||||XX|1962447805~NM1|TT|2|TX HEALTH & HUMAN SERVICES COMMI|||||PI|70051~MOA|||MA01|MA07~DTM|050|20150217~SVC|HC^99309^GW|104|0||1~DTM|472|20150102~CAS|CO|45|16.51~CAS|PR|1|87.49~REF|LU|31~REF|6R|1373800688Z1~AMT|B6|87.49~CLP|263-1079|1|104|0||MB|2815035665170|32|1~NM1|QC|1|HENDERSON|ZIONA|B|||HN|456103936A~NM1|82|1||||||XX|1962447805~MOA|||MA01~DTM|050|20150204~SVC|HC^99309|104|0||||1~DTM|472|20141020~CAS|CO|B9|104~REF|LU|32~REF|6R|1364652150Z1~LQ|HE|N90~CLP|263-1115|1|104|0||MB|2815035665180|32|1~NM1|QC|1|HENDERSON|ZIONA|B|||HN|456103936A~NM1|82|1||||||XX|1962447805~MOA|||MA01~DTM|050|20150204~SVC|HC^99309|104|0||||1~DTM|472|20140721~CAS|CO|B9|104~REF|LU|32~REF|6R|1364652912Z1~LQ|HE|N90~CLP|263-1406|1|104|0||MB|2815035665190|32|1~NM1|QC|1|HENDERSON|ZIONA|B|||HN|456103936A~NM1|82|1||||||XX|1962447805~MOA|||MA01~DTM|050|20150204~SVC|HC^99309|104|0||||1~DTM|472|20140922~CAS|CO|B9|104~REF|LU|32~REF|6R|1364653010Z1~LQ|HE|N90~SE|62|0001~ST|835|0002~BPR|I|3030.14|C|ACH|CCP|01|081517693|DA|152302017594|1205296137||01|111000025|DA|488038453432|20150223~TRN|1|889647417|1205296137~REF|EV|E12705~DTM|405|20150220~N1|PR|NOVITAS SOLUTIONS, INC.~N3|PO BOX 3110~N4|MECHANICSBURG|PA|170551826~REF|2U|04412~PER|CX||TE|8552528782~N1|PE|DFW GERIATRICS PLLC|XX|1063835361~N3|2925 SKYWAY CIRCLE NORTH~N4|IRVING|TX|750383510~REF|TJ|464596718~LX|1~CLP|254-2161|1|104|68.25|17.41|MB|2915040217510|31|1~NM1|QC|1|APPEL|DARVIN||||HN|446407960A~NM1|82|1||||||XX|1962447805~MOA|||MA01~DTM|050|20150209~SVC|HC^99309|104|68.25||1~DTM|472|20141119~CAS|CO|45|16.95||253|1.39~CAS|PR|2|17.41~REF|LU|31~REF|6R|1368551930Z1~AMT|B6|87.05~CLP|7-2141|19|104|68.25|17.41|MB|2915040217300|32|1~NM1|QC|1|BACCUS|MARILYN|D|||HN|466179221T~NM1|82|1||||||XX|1962447805~NM1|TT|2|TX HEALTH & HUMAN SERVICES COMMI|||||PI|70051~MOA|||MA01|MA07~DTM|050|20150209~SVC|HC^99309|104|68.25||1~DTM|472|20141230~CAS|CO|45|16.95||253|1.39~CAS|PR|2|17.41~REF|LU|32~REF|6R|1368545503Z1~AMT|B6|87.05~CLP|278-2158|19|51|33.58|8.57|MB|2915040217480|31|1~NM1|QC|1|BARNETT|WALTER|L|||HN|458342969A~NM1|82|1||||||XX|1962447805~NM1|TT|2|SIERRA HEALTH & LIFE INSURANCE C|||||PI|30096~MOA|||MA01|MA18~DTM|050|20150209~SVC|HC^99307|51|33.58||1~DTM|472|20141119~CAS|CO|45|8.16||253|.69~CAS|PR|2|8.57~REF|LU|31~REF|6R|1368551927Z1~AMT|B6|42.84~CLP|15-2148|19|104|68.25|17.41|MB|2915040217370|32|1~NM1|QC|1|BOOKER|ROY|G|||HN|458824469M~NM1|82|1||||||XX|1962447805~NM1|TT|2|TX HEALTH & HUMAN SERVICES COMMI|||||PI|70051~MOA|||MA01|MA07~DTM|050|20150209~SVC|HC^99309|104|68.25||1~DTM|472|20141230~CAS|CO|45|16.95||253|1.39~CAS|PR|2|17.41~REF|LU|32~REF|6R|1368545510Z1~AMT|B6|87.05~CLP|296-2201|19|79|51.76|13.2|MB|2915040217770|31|1~NM1|QC|1|BRUHIN|GEROGIA||||HN|451221720A~NM1|82|1||||||XX|1962447805~NM1|TT|2|UNITEDHEALTH GROUP|||||PI|30002~MOA|||MA01|MA18~DTM|050|20150209~SVC|HC^99308|79|51.76||1~DTM|472|20150102~CAS|CO|45|12.98||253|1.06~CAS|PR|2|13.2~REF|LU|31~REF|6R|1368599075Z1~AMT|B6|66.02~CLP|79-2135|19|104|68.25|17.41|MB|2915040217240|32|1~NM1|QC|1|BURTON|DOLORES|J|||HN|456446751A~NM1|82|1||||||XX|1962447805~NM1|TT|2|TX HEALTH & HUMAN SERVICES COMMI|||||PI|70051~MOA|||MA01|MA07~DTM|050|20150209~SVC|HC^99309|104|68.25||1~DTM|472|20141230~CAS|CO|45|16.95||253|1.39~CAS|PR|2|17.41~REF|LU|32~REF|6R|1368545497Z1~AMT|B6|87.05~CLP|92-2125|19|104|45.96|40.59|MB|2915040217170|32|1~NM1|QC|1|COLLINS|VELMA||||HN|449463498D~NM1|82|1||||||XX|1962447805~NM1|TT|2|TX HEALTH & HUMAN SERVICES COMMI|||||PI|70051~MOA|||MA01|MA07~DTM|050|20150209~SVC|HC^99309|104|45.96||1~DTM|472|20150121~CAS|CO|45|16.51||253|.94~CAS|PR|1|28.86||2|11.73~REF|LU|32~REF|6R|1368537952Z1~AMT|B6|87.49~CLP|94-2144|19|104|68.25|17.41|MB|2915040217320|32|1~NM1|QC|1|CRENSHAW|RAYMOND||||HN|449505453M~NM1|82|1||||||XX|1962447805~NM1|TT|2|TX HEALTH & HUMAN SERVICES COMMI|||||PI|70051~MOA|||MA01|MA07~DTM|050|20150209~SVC|HC^99309|104|68.25||1~DTM|472|20141230~CAS|CO|45|16.95||253|1.39~CAS|PR|2|17.41~REF|LU|32~REF|6R|1368545505Z1~AMT|B6|87.05~CLP|98-2200|19|104|68.25|17.41|MB|2915040217740|32|1~NM1|QC|1|DELUNA|DAVID||||HN|466927987A~NM1|82|1||||||XX|1962447805~NM1|TT|2|TX HEALTH & HUMAN SERVICES COMMI|||||PI|70051~MOA|||MA01|MA27|MA07~DTM|050|20150209~SVC|HC^99309|104|68.25||1~DTM|472|20140808~CAS|CO|45|16.95||253|1.39~CAS|PR|2|17.41~REF|LU|32~REF|6R|1368598152Z1~AMT|B6|87.05~CLP|251-2117|1|51|33.52|8.55|MB|2915040217110|32|1~NM1|QC|1|DURHAM|EMANUEL||||HN|454787983A~NM1|82|1||||||XX|1962447805~MOA|||MA01~DTM|050|20150209~SVC|HC^99307|51|33.52||1~DTM|472|20150121~CAS|CO|45|8.25||253|.68~CAS|PR|2|8.55~REF|LU|32~REF|6R|1368537944Z1~AMT|B6|42.75~CLP|108-1572|19|109|63.87|16.29|MB|2915040217640|33|1~NM1|QC|1|EGBUNIWE|GEORGE|I|||HN|456154959A~NM1|82|1||||||XX|1952303547~NM1|TT|2|TX HEALTH & HUMAN SERVICES COMMI|||||PI|70051~MOA|||MA01|MA07~DTM|050|20150209~SVC|HC^99335|109|63.87||1~DTM|472|20141121~CAS|CO|45|27.54||253|1.3~CAS|PR|2|16.29~REF|LU|33~REF|6R|1368594040Z1~AMT|B6|81.46~CLP|147-2146|19|104|68.25|17.41|MB|2915040217350|32|1~NM1|QC|1|FIELDS|JOYCE||||HN|450487270A~NM1|82|1||||||XX|1962447805~NM1|TT|2|TX HEALTH & HUMAN SERVICES COMMI|||||PI|70051~MOA|||MA01|MA07~DTM|050|20150209~SVC|HC^99309|104|68.25||1~DTM|472|20141230~CAS|CO|45|16.95||253|1.39~CAS|PR|2|17.41~REF|LU|32~REF|6R|1368545508Z1~AMT|B6|87.05~CLP|76-869|19|104|68.25|17.41|MB|2915040217680|32|1~NM1|QC|1|HARPER|OLIN|J|||HN|456603904A~NM1|82|1||||||XX|1962447805~NM1|TT|2|TX HEALTH & HUMAN SERVICES COMMI|||||PI|70051~MOA|||MA01|MA07~DTM|050|20150209~SVC|HC^99309|104|68.25||1~DTM|472|20140811~CAS|CO|45|16.95||253|1.39~CAS|PR|2|17.41~REF|LU|32~REF|6R|1368598146Z1~AMT|B6|87.05~CLP|190-884|1|193|126.15|32.18|MB|2915040217380|31|1~NM1|QC|1|HAWLEY|GARY|W|||HN|528029327A~NM1|82|1||||||XX|1962447805~MOA|||MA01~DTM|050|20150209~SVC|HC^99306|193|126.15||1~DTM|472|20141007~CAS|CO|45|32.1||253|2.57~CAS|PR|2|32.18~REF|LU|31~REF|6R|1368549818Z1~AMT|B6|160.9~CLP|220-2162|19|104|68.25|17.41|MB|2915040217520|31|1~NM1|QC|1|HOLCOMB|MICKEY|S|||HN|452969456M~NM1|82|1||||||XX|1962447805~NM1|TT|2|TX HEALTH & HUMAN SERVICES COMMI|||||PI|70051~MOA|||MA01|MA07~DTM|050|20150209~SVC|HC^99309|104|68.25||1~DTM|472|20141118~CAS|CO|45|16.95||253|1.39~CAS|PR|2|17.41~REF|LU|31~REF|6R|1368551932Z1~AMT|B6|87.05~CLP|220-2163|19|104|68.25|17.41|MB|2915040217530|31|1~NM1|QC|1|HOLCOMB|MICKEY|S|||HN|452969456M~NM1|82|1||||||XX|1962447805~NM1|TT|2|TX HEALTH & HUMAN SERVICES COMMI|||||PI|70051~MOA|||MA01|MA07~DTM|050|20150209~SVC|HC^99309|104|68.25||1~DTM|472|20141216~CAS|CO|45|16.95||253|1.39~CAS|PR|2|17.41~REF|LU|31~REF|6R|1368552917Z1~AMT|B6|87.05~CLP|220-2164|19|104|68.59|17.5|MB|2915040217540|31|1~NM1|QC|1|HOLCOMB|MICKEY|S|||HN|452969456M~NM1|82|1||||||XX|1962447805~NM1|TT|2|TX HEALTH & HUMAN SERVICES COMMI|||||PI|70051~MOA|||MA01|MA07~DTM|050|20150209~SVC|HC^99309|104|68.59||1~DTM|472|20150113~CAS|CO|45|16.51||253|1.4~CAS|PR|2|17.5~REF|LU|31~REF|6R|1368552919Z1~AMT|B6|87.49~CLP|219-2128|19|104|17.35|69.79|MB|2915040217180|31|1~NM1|QC|1|HOOVER|MINNIE|B|||HN|465549405M~NM1|82|1||||||XX|1962447805~NM1|TT|2|TX HEALTH & HUMAN SERVICES COMMI|||||PI|70051~MOA|||MA01|MA07~DTM|050|20150209~SVC|HC^99309|104|17.35||1~DTM|472|20150115~CAS|CO|45|16.51||253|.35~CAS|PR|1|65.37||2|4.42~REF|LU|31~REF|6R|1368537953Z1~AMT|B6|87.49~CLP|143-2132|19|104|68.25|17.41|MB|2915040217220|32|1~NM1|QC|1|JOHNSON|GEORGIA||||HN|360420759M~NM1|82|1||||||XX|1962447805~NM1|TT|2|TX HEALTH & HUMAN SERVICES COMMI|||||PI|70051~MOA|||MA01|MA07~DTM|050|20150209~SVC|HC^99309|104|68.25||1~DTM|472|20141230~CAS|CO|45|16.95||253|1.39~CAS|PR|2|17.41~REF|LU|32~REF|6R|1368537957Z1~AMT|B6|87.05~CLP|273-2205|19|104|68.25|17.41|MB|2915040217600|31|1~NM1|QC|1|JONES|NORMAN|K|||HN|720074281A~NM1|82|1||||||XX|1962447805~NM1|TT|2|BLUE CROSS OF CALIFORNIA|||||PI|00170~MOA|||MA01|MA18~DTM|050|20150209~SVC|HC^99309|104|68.25||1~DTM|472|20141211~CAS|CO|45|16.95||253|1.39~CAS|PR|2|17.41~REF|LU|31~REF|6R|1368587879Z1~AMT|B6|87.05~CLP|273-2206|19|79|51.8|13.21|MB|2915040217610|31|1~NM1|QC|1|JONES|NORMAN|K|||HN|720074281A~NM1|82|1||||||XX|1962447805~NM1|TT|2|BLUE CROSS OF CALIFORNIA|||||PI|00170~MOA|||MA01|MA18~DTM|050|20150209~SVC|HC^99308|79|51.8||1~DTM|472|20141219~CAS|CO|45|12.93||253|1.06~CAS|PR|2|13.21~REF|LU|31~REF|6R|1368587880Z1~AMT|B6|66.07~CLP|273-2209|19|104|61.06|15.58|MB|2915040217620|31|1~NM1|QC|1|JONES|NORMAN|K|||HN|720074281A~NM1|82|1||||||XX|1952303547~NM1|TT|2|BLUE CROSS OF CALIFORNIA|||||PI|00170~MOA|||MA01|MA18~DTM|050|20150209~SVC|HC^99309|104|61.06||1~DTM|472|20141218~CAS|CO|45|26.11||253|1.25~CAS|PR|2|15.58~REF|LU|31~REF|6R|1368587881Z1~AMT|B6|77.89~CLP|154-2145|19|104|68.25|17.41|MB|2915040217340|32|1~NM1|QC|1|LANGLEY|JIMMY||||HN|456584415A~NM1|82|1||||||XX|1962447805~NM1|TT|2|TX HEALTH & HUMAN SERVICES COMMI|||||PI|70051~MOA|||MA01|MA07~DTM|050|20150209~SVC|HC^99309|104|68.25||1~DTM|472|20141230~CAS|CO|45|16.95||253|1.39~CAS|PR|2|17.41~REF|LU|32~REF|6R|1368545507Z1~AMT|B6|87.05~CLP|156-2131|19|79|51.76|13.2|MB|2915040217210|31|1~NM1|QC|1|LEWIS|EDWARD||||HN|547680273A~NM1|82|1||||||XX|1962447805~NM1|TT|2|TX HEALTH & HUMAN SERVICES COMMI|||||PI|70051~MOA|||MA01|MA07~DTM|050|20150209~SVC|HC^99308|79|51.76||1~DTM|472|20150115~CAS|CO|45|12.98||253|1.06~CAS|PR|2|13.2~REF|LU|31~REF|6R|1368537956Z1~AMT|B6|66.02~CLP|328-2202|1|193|126.15|32.18|MB|2915040217590|31|1~NM1|QC|1|MCCLENTON|LEWIS||||HN|449248748A~NM1|82|1||||||XX|1962447805~MOA|||MA01~DTM|050|20150209~SVC|HC^99306|193|126.15||1~DTM|472|20141211~CAS|CO|45|32.1||253|2.57~CAS|PR|2|32.18~REF|LU|31~REF|6R|1368587878Z1~AMT|B6|160.9~CLP|358-2134|19|193|126.15|32.18|MB|2915040217230|32|1~NM1|QC|1|MCGREW|RUTHIE||||HN|462986346A~NM1|82|1||||||XX|1962447805~NM1|TT|2|TX HEALTH & HUMAN SERVICES COMMI|||||PI|70051~MOA|||MA01|MA07~DTM|050|20150209~SVC|HC^99306|193|126.15||1~DTM|472|20141230~CAS|CO|45|32.1||253|2.57~CAS|PR|2|32.18~REF|LU|32~REF|6R|1368545496Z1~AMT|B6|160.9~CLP|285-1294|19|193|126.15|32.18|MB|2915040217410|31|1~NM1|QC|1|MCVAY|J D||||HN|466203847A~NM1|82|1||||||XX|1962447805~NM1|TT|2|HCSC-BCBS OF TX-OTHER B ONLY|||||PI|00044~MOA|||MA01|MA18~DTM|050|20150209~SVC|HC^99306|193|126.15||1~DTM|472|20141007~CAS|CO|45|32.1||253|2.57~CAS|PR|2|32.18~REF|LU|31~REF|6R|1368549821Z1~AMT|B6|160.9~CLP|173-2118|19|51|13.19|29.29|MB|2915040217130|32|1~NM1|QC|1|MITCHELL|CARL|W|||HN|449686350A~NM1|82|1||||||XX|1962447805~NM1|TT|2|TX HEALTH & HUMAN SERVICES COMMI|||||PI|70051~MOA|||MA01|MA07~DTM|050|20150209~SVC|HC^99307|51|13.19||1~DTM|472|20150121~CAS|CO|45|8.25||253|.27~CAS|PR|1|25.92||2|3.37~REF|LU|32~REF|6R|1368537946Z1~AMT|B6|42.75~CLP|262-2157|1|51|33.58|8.57|MB|2915040217470|31|1~NM1|QC|1|MIZELL|BETTY|C|||HN|456521535A~NM1|82|1||||||XX|1962447805~MOA|||MA01~DTM|050|20150209~SVC|HC^99307|51|33.58||1~DTM|472|20141119~CAS|CO|45|8.16||253|.69~CAS|PR|2|8.57~REF|LU|31~REF|6R|1368551926Z1~AMT|B6|42.84~CLP|262-2199|1|104|68.25|17.41|MB|2915040217660|31|1~NM1|QC|1|MIZELL|BETTY|C|||HN|456521535A~NM1|82|1||||||XX|1962447805~MOA|||MA01~DTM|050|20150209~SVC|HC^99309|104|68.25||1~DTM|472|20141117~CAS|CO|45|16.95||253|1.39~CAS|PR|2|17.41~REF|LU|31~REF|6R|1368594042Z1~AMT|B6|87.05~CLP|29-2159|19|79|51.8|13.21|MB|2915040217490|31|1~NM1|QC|1|MOFFATT|RUBY|S|||HN|511149871B~NM1|82|1||||||XX|1962447805~NM1|TT|2|NORTH AMERICAN INSURANCE COMPANY|||||PI|30155~MOA|||MA01|MA18~DTM|050|20150209~SVC|HC^99308|79|51.8||1~DTM|472|20141119~CAS|CO|45|12.93||253|1.06~CAS|PR|2|13.21~REF|LU|31~REF|6R|1368551928Z1~AMT|B6|66.07~CLP|29-1714|19|79|51.8|13.21|MB|2915040217570|31|1~NM1|QC|1|MOFFATT|RUBY|S|||HN|511149871B~NM1|82|1||||||XX|1962447805~NM1|TT|2|NORTH AMERICAN INSURANCE COMPANY|||||PI|30155~MOA|||MA01|MA18~DTM|050|20150209~SVC|HC^99308|79|51.8||1~DTM|472|20141219~CAS|CO|45|12.93||253|1.06~CAS|PR|2|13.21~REF|LU|31~REF|6R|1368587876Z1~AMT|B6|66.07~CLP|231-1130|19|79|51.8|13.21|MB|2915040217390|31|1~NM1|QC|1|NGUYEN|BEIN|D|||HN|638323190A~NM1|82|1||||||XX|1962447805~NM1|TT|2|TX HEALTH & HUMAN SERVICES COMMI|||||PI|70051~MOA|||MA01|MA07~DTM|050|20150209~SVC|HC^99308|79|51.8||1~DTM|472|20141007~CAS|CO|45|12.93||253|1.06~CAS|PR|2|13.21~REF|LU|31~REF|6R|1368549819Z1~AMT|B6|66.07~CLP|46-1675|1|79|51.8|13.21|MB|2915040217560|32|1~NM1|QC|1|NORMAN|SUSAN|C|||HN|465116311A~NM1|82|1||||||XX|1962447805~MOA|||MA01~DTM|050|20150209~SVC|HC^99308^GW|79|51.8||1~DTM|472|20141205~CAS|CO|45|12.93||253|1.06~CAS|PR|2|13.21~REF|LU|32~REF|6R|1368587875Z1~AMT|B6|66.07~CLP|46-2210|19|193|112.87|28.79|MB|2915040217670|32|1~NM1|QC|1|NORMAN|SUSAN|C|||HN|465116311A~NM1|82|1||||||XX|1952303547~NM1|TT|2|TX HEALTH & HUMAN SERVICES COMMI|||||PI|70051~MOA|||MA01|MA07~DTM|050|20150209~SVC|HC^99306|193|112.87||1~DTM|472|20141027~CAS|CO|45|49.04||253|2.3~CAS|PR|2|28.79~REF|LU|32~REF|6R|1368594043Z1~AMT|B6|143.96~CLP|46-1759|19|104|68.25|17.41|MB|2915040217720|32|1~NM1|QC|1|NORMAN|SUSAN|C|||HN|465116311A~NM1|82|1||||||XX|1962447805~NM1|TT|2|TX HEALTH & HUMAN SERVICES COMMI|||||PI|70051~MOA|||MA01|MA07~DTM|050|20150209~SVC|HC^99309|104|68.25||1~DTM|472|20140811~CAS|CO|45|16.95||253|1.39~CAS|PR|2|17.41~REF|LU|32~REF|6R|1368598150Z1~AMT|B6|87.05~CLP|100-2139|19|104|68.25|17.41|MB|2915040217280|32|1~NM1|QC|1|PETERSON|DEBORAH||||HN|464111423A~NM1|82|1||||||XX|1962447805~NM1|TT|2|TX HEALTH & HUMAN SERVICES COMMI|||||PI|70051~MOA|||MA01|MA07~DTM|050|20150209~SVC|HC^99309|104|68.25||1~DTM|472|20141230~CAS|CO|45|16.95||253|1.39~CAS|PR|2|17.41~REF|LU|32~REF|6R|1368545501Z1~AMT|B6|87.05~CLP|33-881|19|104|68.25|17.41|MB|2915040217690|32|1~NM1|QC|1|SAVANNAH|BILLY||||HN|439621087A~NM1|82|1||||||XX|1962447805~NM1|TT|2|TX HEALTH & HUMAN SERVICES COMMI|||||PI|70051~MOA|||MA01|MA07~DTM|050|20150209~SVC|HC^99309|104|68.25||1~DTM|472|20140811~CAS|CO|45|16.95||253|1.39~CAS|PR|2|17.41~REF|LU|32~REF|6R|1368598147Z1~AMT|B6|87.05~CLP|242-1688|19|79|51.8|13.21|MB|2915040217710|31|1~NM1|QC|1|SHARP|GEORGE||||HN|221240190A~NM1|82|1||||||XX|1962447805~NM1|TT|2|TX HEALTH & HUMAN SERVICES COMMI|||||PI|70051~MOA|||MA01|MA07~DTM|050|20150209~SVC|HC^99308|79|51.8||1~DTM|472|20140825~CAS|CO|45|12.93||253|1.06~CAS|PR|2|13.21~REF|LU|31~REF|6R|1368598149Z1~AMT|B6|66.07~CLP|269-1680|19|104|68.25|17.41|MB|2915040217650|31|1~NM1|QC|1|SIMON|CANDI||||HN|449651029A~NM1|82|1||||||XX|1962447805~NM1|TT|2|TX HEALTH & HUMAN SERVICES COMMI|||||PI|70051~MOA|||MA01|MA07~DTM|050|20150209~SVC|HC^99309|104|68.25||1~DTM|472|20141125~CAS|CO|45|16.95||253|1.39~CAS|PR|2|17.41~REF|LU|31~REF|6R|1368594041Z1~AMT|B6|87.05~CLP|42-2147|1|104|68.25|17.41|MB|2915040217360|32|1~NM1|QC|1|SPENCER|GERALDINE|M|||HN|450745441A~NM1|82|1||||||XX|1962447805~MOA|||MA01~DTM|050|20150209~SVC|HC^99309|104|68.25||1~DTM|472|20141230~CAS|CO|45|16.95||253|1.39~CAS|PR|2|17.41~REF|LU|32~REF|6R|1368545509Z1~AMT|B6|87.05~CLP|250-906|1|193|126.15|32.18|MB|2915040217630|31|1~NM1|QC|1|STARNES|JACK||||HN|585166236A~NM1|82|1||||||XX|1962447805~MOA|||MA01~DTM|050|20150209~SVC|HC^99306|193|126.15||1~DTM|472|20141024~CAS|CO|45|32.1||253|2.57~CAS|PR|2|32.18~REF|LU|31~REF|6R|1368594038Z1~AMT|B6|160.9~CLP|47-2138|19|104|68.25|17.41|MB|2915040217270|32|1~NM1|QC|1|THOMAS|JIMMIE M||||HN|427101367D~NM1|82|1||||||XX|1962447805~NM1|TT|2|TX HEALTH & HUMAN SERVICES COMMI|||||PI|70051~MOA|||MA01|MA07~DTM|050|20150209~SVC|HC^99309|104|68.25||1~DTM|472|20141230~CAS|CO|45|16.95||253|1.39~CAS|PR|2|17.41~REF|LU|32~REF|6R|1368545500Z1~AMT|B6|87.05~CLP|366-2137|19|104|68.25|17.41|MB|2915040217260|32|1~NM1|QC|1|TAYLER|MARY||||HN|454260356A~NM1|82|1||||||XX|1962447805~NM1|TT|2|AETNA, INC.|||||PI|00060~MOA|||MA01|MA27|MA18~DTM|050|20150209~SVC|HC^99309|104|68.25||1~DTM|472|20141230~CAS|CO|45|16.95||253|1.39~CAS|PR|2|17.41~REF|LU|32~REF|6R|1368545499Z1~AMT|B6|87.05~CLP|67-2143|19|104|68.25|17.41|MB|2915040217330|32|1~NM1|QC|1|WORDLAW|LISA||||HN|452279395A~NM1|82|1||||||XX|1962447805~NM1|TT|2|TX HEALTH & HUMAN SERVICES COMMI|||||PI|70051~MOA|||MA01|MA07~DTM|050|20150209~SVC|HC^99309|104|68.25||1~DTM|472|20141230~CAS|CO|45|16.95||253|1.39~CAS|PR|2|17.41~REF|LU|32~REF|6R|1368545506Z1~AMT|B6|87.05~SE|592|0002~ST|835|0003~BPR|H|0|C|NON||||||||||||20150220~TRN|1|458761633|1205296137~REF|EV|E12705~DTM|405|20150219~N1|PR|NOVITAS SOLUTIONS, INC.~N3|PO BOX 3110~N4|MECHANICSBURG|PA|170551826~REF|2U|04412~PER|CX||TE|8552528782~N1|PE|DFW GERIATRICS PLLC|XX|1063835361~N3|2925 SKYWAY CIRCLE NORTH~N4|IRVING|TX|750383510~REF|TJ|464596718~LX|1~CLP|102-1857|1|51|0||MB|2815033888100|32|1~NM1|QC|1|NEWELL|DIANE||||HN|428253521A~NM1|82|1||||||XX|1962447805~MOA|||MA130|MA27~DTM|050|20150202~SVC|HC^99307|51|0||||1~DTM|472|20150105~CAS|CO|140|51~REF|LU|32~REF|6R|1360869841Z1~LQ|HE|MA130~LQ|HE|MA27~CLP|289-2218|1|104|0|104|MB|2915042219310|31|1~NM1|QC|1|PORCHE|MARGARET||||HN|281421765T~NM1|82|1||||||XX|1952303547~MOA|||MA01~DTM|050|20150211~SVC|HC^99309|104|0||||1~DTM|472|20141222~CAS|PR|26|104~REF|LU|31~REF|6R|1371109998Z1~SE|38|0003~GE|3|634~IEA|1|000000639~