ISA|00|          |00|          |ZZ|ZIRMED         |29|E12705         |151015|1057|U|00401|000001450|0|P|^~GS|HP|ZIRMED|E12705|20151015|1057|1445|X|004010X091A1~ST|835|0001~BPR|I|1131.94|C|ACH|CCP|01|081517693|DA|152302017594|1205296137||01|111000025|DA|488038453432|20151015~TRN|1|891279413|1205296137~REF|EV|E12705~DTM|405|20151014~N1|PR|NOVITAS SOLUTIONS, INC.~N3|PO BOX 3110~N4|MECHANICSBURG|PA|170551826~REF|2U|04412~PER|CX||TE|8552528782~N1|PE|DFW GERIATRICS PLLC|XX|1063835361~N3|2925 SKYWAY CIRCLE NORTH~N4|IRVING|TX|750383510~REF|TJ|464596718~LX|1~CLP|6127-3912|19|566|336.92|85.96|MB|2915274475810|11|1~NM1|QC|1|GUDIMETLA|SARASWATI||||HN|455332430A~NM1|82|1||||||XX|1962447805~NM1|TT|2|MUTUAL OF OMAHA INSURANCE COMP|||||PI|30090~MOA|||MA01|MA18~DTM|050|20151001~SVC|HC^99204^25|200|124.48||1~DTM|472|20150925~CAS|CO|45|41.22||253|2.54~CAS|PR|2|31.76~REF|6R|1567839990Z1~REF|LU|11~AMT|B6|158.78~SVC|HC^94760|4|0||||1~DTM|472|20150925~CAS|CO|97|4~REF|6R|1567839990Z2~REF|LU|11~LQ|HE|M80~SVC|HC^95923|252|145.78||1~DTM|472|20150925~CAS|CO|45|66.05||253|2.98~CAS|PR|2|37.19~REF|6R|1567839990Z3~REF|LU|11~AMT|B6|185.95~SVC|HC^95921|110|66.66||1~DTM|472|20150925~CAS|CO|45|24.97||253|1.36~CAS|PR|2|17.01~REF|6R|1567839990Z4~REF|LU|11~AMT|B6|85.03~CLP|311-3906|19|629|370.3|84.57|MB|2915274475770|11|1~NM1|QC|1|HOLLAND|LEE||||HN|451767936A~NM1|82|1||||||XX|1962447805~NM1|TT|2|TX HEALTH & HUMAN SERVICES COMMI|||||PI|70051~MOA|||MA01|MA07~DTM|050|20151001~SVC|HC^99214^25|130|81.56||1~DTM|472|20150925~CAS|CO|45|25.98||253|1.66~CAS|PR|2|20.8~REF|6R|1567839979Z1~REF|LU|11~AMT|B6|104.02~SVC|HC^90656|17|13.6||1~DTM|472|20150925~CAS|CO|45|3.12||253|.28~REF|6R|1567839979Z2~REF|LU|11~AMT|B6|13.88~SVC|HC^G0008|31|25.2||1~DTM|472|20150925~CAS|CO|45|5.29||253|.51~REF|6R|1567839979Z3~REF|LU|11~AMT|B6|25.71~SVC|HC^96372|29|0||||1~DTM|472|20150925~CAS|CO|B15|29~REF|6R|1567839979Z4~REF|LU|11~LQ|HE|M80~SVC|HC^69210|56|37.5||1~DTM|472|20150925~CAS|CO|45|8.16||253|.77~CAS|PR|2|9.57~REF|6R|1567839979Z5~REF|LU|11~AMT|B6|47.84~SVC|HC^94760|4|0||||1~DTM|472|20150925~CAS|CO|97|4~REF|6R|1567839979Z6~REF|LU|11~LQ|HE|M80~SVC|HC^95923|252|145.78||1~DTM|472|20150925~CAS|CO|45|66.05||253|2.98~CAS|PR|2|37.19~REF|6R|1567839979Z7~REF|LU|11~AMT|B6|185.95~SVC|HC^95921|110|66.66||1~DTM|472|20150925~CAS|CO|45|24.97||253|1.36~CAS|PR|2|17.01~REF|6R|1567839979Z8~REF|LU|11~AMT|B6|85.03~CLP|408-3910|19|152|92.29|23.54|MB|2915274475790|11|1~NM1|QC|1|JOHNSON|LINDA||||HN|467634822M~NM1|82|1||||||XX|1962447805~NM1|TT|2|TX HEALTH & HUMAN SERVICES COMMI|||||PI|70051~MOA|||MA01|MA07~DTM|050|20151001~SVC|HC^99214^25|130|81.56||1~DTM|472|20150925~CAS|CO|45|25.98||253|1.66~CAS|PR|2|20.8~REF|6R|1567839987Z1~REF|LU|11~AMT|B6|104.02~SVC|HC^99406|18|10.73||1~DTM|472|20150925~CAS|CO|45|4.31||253|.22~CAS|PR|2|2.74~REF|6R|1567839987Z2~REF|LU|11~AMT|B6|13.69~SVC|HC^94760|4|0||||1~DTM|472|20150925~CAS|CO|50|4~REF|6R|1567839987Z3~REF|LU|11~LQ|HE|M25~LQ|HE|N115~CLP|3448-3899|1|159|100.71|25.68|MB|2915274475750|11|1~NM1|QC|1|KANE|CAROL||||HN|479508927D~NM1|82|1||||||XX|1962447805~MOA|||MA01|MA15~DTM|050|20151001~AMT|F5|20~SVC|HC^99214^25|130|81.56||1~DTM|472|20150925~CAS|CO|45|25.98||253|1.66~CAS|PR|2|20.8~REF|6R|1567839969Z1~REF|LU|11~AMT|B6|104.02~SVC|HC^96372|29|19.15||1~DTM|472|20150925~CAS|CO|45|4.58||253|.39~CAS|PR|2|4.88~REF|6R|1567839969Z4~REF|LU|11~AMT|B6|24.42~CLP|3448-3899|1|48|38.8||MB|2915274475752|11|1~NM1|QC|1|KANE|CAROL||||HN|479508927D~NM1|82|1||||||XX|1962447805~MOA|||MA01|MA15~DTM|050|20151001~SVC|HC^90656|17|13.6||1~DTM|472|20150925~CAS|CO|45|3.12||253|.28~REF|6R|1567839969Z2~REF|LU|11~AMT|B6|13.88~SVC|HC^G0008|31|25.2||1~DTM|472|20150925~CAS|CO|45|5.29||253|.51~REF|6R|1567839969Z3~REF|LU|11~AMT|B6|25.71~CLP|612-3694|1|130|81.14|20.7|MB|2915274475820|11|1~NM1|QC|1|MOODY|LONNIE||||HN|462026222A~NM1|82|1||||||XX|1962447805~MOA|||MA01~DTM|050|20151001~SVC|HC^99214|130|81.14||1~DTM|472|20150622~CAS|CO|45|26.5||253|1.66~CAS|PR|2|20.7~REF|6R|1567847920Z1~REF|LU|11~AMT|B6|103.5~CLP|314-3891|1|24|15.11|3.85|MB|2815267820270|11|1~NM1|QC|1|PALMER|LARRY||||HN|382562993A~NM1|82|1||||||XX|1962447805~MOA|||MA01~DTM|050|20150924~SVC|HC^99211|24|15.11||1~DTM|472|20150824~CAS|CO|45|4.73||253|.31~CAS|PR|2|3.85~REF|6R|1561819900Z1~REF|LU|11~AMT|B6|19.27~CLP|314-3900|1|134|81.56|20.8|MB|2915274475760|11|1~NM1|QC|1|PALMER|LARRY||||HN|382562993A~NM1|82|1||||||XX|1962447805~MOA|||MA01~DTM|050|20151001~SVC|HC^99214^25|130|81.56||1~DTM|472|20150925~CAS|CO|45|25.98||253|1.66~CAS|PR|2|20.8~REF|6R|1567839971Z1~REF|LU|11~AMT|B6|104.02~SVC|HC^94760|4|0||||1~DTM|472|20150925~CAS|CO|97|4~REF|6R|1567839971Z2~REF|LU|11~LQ|HE|M80~CLP|314-3913|1|24|15.11|3.85|MB|2915274475800|11|1~NM1|QC|1|PALMER|LARRY||||HN|382562993A~NM1|82|1||||||XX|1962447805~MOA|||MA01~DTM|050|20151001~SVC|HC^99211|24|15.11||1~DTM|472|20150928~CAS|CO|45|4.73||253|.31~CAS|PR|2|3.85~REF|6R|1567839989Z1~REF|LU|11~AMT|B6|19.27~SE|225|0001~GE|1|1445~IEA|1|000001450~