ISA|00|          |00|          |ZZ|ZIRMED         |ZZ|GATE0084       |150811|0040|U|00401|000001220|1|P|^~GS|HP|ZIRMED|GATE0084|20150811|0040|1215|X|004010X091A1~ST|835|0001~BPR|I|134.74|C|CHK||||||||||||20150807~TRN|1|QC59813628|1411289245|000087726~DTM|405|20150807~N1|PR|UNITED HEALTHCARE INSURANCE COMPANY|XV|87726~N3|CHICO SERVICE CENTER|P.O. BOX 740800~N4|ATLANTA|GA|303740800~REF|2U|87726~PER|CX|CHICO SERVICE CENTER|TE|8778423210~N1|PE|SUMANA KETHA|XX|1063835361~N3|2925 SKYWAY CIR N~N4|IRVING|TX|750380000~REF|TJ|464596718~LX|1~TS3|1063835361|11|20151231|2|178~CLP|6067-3468|1|160|134.74||13|5156439184 0016817856|11|1~NM1|QC|1|RAJPAL|ROHIT~NM1|IL|1|RAJPAL|ROHIT||||MI|912080970~NM1|82|1|KETHA|SUMANA||||XX|1962447805~MOA|||MA15~REF|CE|CHOYC+~REF|1L|902866~DTM|050|20150805~DTM|232|20150701~AMT|AU|160~SVC|HC^99385^25|160|134.74||1~DTM|472|20150701~CAS|CO|45|25.26~REF|6R|1518185774Z1~AMT|B6|134.74~CLP|6067-3468|1|18|0|18|13|5156439184 0016817861|11|1~NM1|QC|1|RAJPAL|ROHIT~NM1|IL|1|RAJPAL|ROHIT||||MI|912080970~NM1|82|1|KETHA|SUMANA||||XX|1962447805~MOA|||MA15~REF|CE|CHOYC+~REF|1L|902866~DTM|050|20150805~DTM|232|20150701~SVC|HC^99420|18|0||1~DTM|472|20150701~CAS|PR|204|18~REF|6R|1518185774Z2~SE|44|0001~GE|1|1215~IEA|1|000001220~