ISA|00|          |00|          |ZZ|ZIRMED         |29|E12705         |151006|0804|U|00401|000001426|0|P|^~GS|HP|ZIRMED|E12705|20151006|0804|1421|X|004010X091A1~ST|835|0001~BPR|I|530.28|C|ACH|CCP|01|081517693|DA|152302017594|1205296137||01|111000025|DA|488038453432|20151006~TRN|1|891183705|1205296137~REF|EV|E12705~DTM|405|20151005~N1|PR|NOVITAS SOLUTIONS, INC.~N3|PO BOX 3110~N4|MECHANICSBURG|PA|170551826~REF|2U|04412~PER|CX||TE|8552528782~N1|PE|DFW GERIATRICS PLLC|XX|1063835361~N3|2925 SKYWAY CIRCLE NORTH~N4|IRVING|TX|750383510~REF|TJ|464596718~LX|1~CLP|304-3879|1|263|145.33|27.17|MB|2815265771280|11|1~NM1|QC|1|CEPEDA|MARGIE||||HN|429762401A~NM1|82|1||||||XX|1679978068~MOA|||MA01~DTM|050|20150922~SVC|HC^99214^25|130|72.97||1~DTM|472|20150921~CAS|CO|45|36.93||253|1.49~CAS|PR|2|18.61~REF|6R|1559573094Z1~REF|LU|11~AMT|B6|93.07~SVC|HC^90656|17|13.6||1~DTM|472|20150921~CAS|CO|45|3.12||253|.28~REF|6R|1559573094Z2~REF|LU|11~AMT|B6|13.88~SVC|HC^G0008|31|25.2||1~DTM|472|20150921~CAS|CO|45|5.29||253|.51~REF|6R|1559573094Z3~REF|LU|11~AMT|B6|25.71~SVC|HC^96372|29|0||||1~DTM|472|20150921~CAS|CO|B15|29~REF|6R|1559573094Z4~REF|LU|11~LQ|HE|M80~SVC|HC^69210|56|33.56||1~DTM|472|20150921~CAS|CO|45|13.19||253|.69~CAS|PR|2|8.56~REF|6R|1559573094Z5~REF|LU|11~AMT|B6|42.81~CLP|304-3839|1|186|119.06|30.37|MB|2815265771320|11|1~NM1|QC|1|CEPEDA|MARGIE||||HN|429762401A~NM1|82|1||||||XX|1962447805~MOA|||MA01~DTM|050|20150922~SVC|HC^99214^25|130|81.56||1~DTM|472|20150724~CAS|CO|45|25.98||253|1.66~CAS|PR|2|20.8~REF|6R|1559574276Z1~REF|LU|11~AMT|B6|104.02~SVC|HC^69210|56|37.5||1~DTM|472|20150724~CAS|CO|45|8.16||253|.77~CAS|PR|2|9.57~REF|6R|1559574276Z2~REF|LU|11~AMT|B6|47.84~CLP|316-3825|1|130|81.14|20.7|MB|2815265771340|11|1~NM1|QC|1|DAVIS|MARY||||HN|414174432A~NM1|82|1||||||XX|1962447805~MOA|||MA01~DTM|050|20150922~SVC|HC^99214|130|81.14||1~DTM|472|20150602~CAS|CO|45|26.5||253|1.66~CAS|PR|2|20.7~REF|6R|1559577177Z1~REF|LU|11~AMT|B6|103.5~CLP|314-3873|1|28|15.11|3.85|MB|2815265771210|11|1~NM1|QC|1|PALMER|LARRY||||HN|382562993A~NM1|82|1||||||XX|1962447805~MOA|||MA01~DTM|050|20150922~SVC|HC^99211^25|24|15.11||1~DTM|472|20150921~CAS|CO|45|4.73||253|.31~CAS|PR|2|3.85~REF|6R|1559573082Z1~REF|LU|11~AMT|B6|19.27~SVC|HC^94760|4|0||||1~DTM|472|20150921~CAS|CO|97|4~REF|6R|1559573082Z2~REF|LU|11~LQ|HE|M80~CLP|381-3874|19|134|72.97|18.61|MB|2815265771240|11|1~NM1|QC|1|STIGGERS|BILLY||||HN|455488650A~NM1|82|1||||||XX|1679978068~NM1|TT|2|WPS - TRICARE FOR LIFE|||||PI|60000~MOA|||MA01|MA18~DTM|050|20150922~SVC|HC^99214^25|130|72.97||1~DTM|472|20150921~CAS|CO|45|36.93||253|1.49~CAS|PR|2|18.61~REF|6R|1559573085Z1~REF|LU|11~AMT|B6|93.07~SVC|HC^94760|4|0||||1~DTM|472|20150921~CAS|CO|97|4~REF|6R|1559573085Z2~REF|LU|11~LQ|HE|M80~CLP|362-3870|19|24|15.11|3.85|MB|2815265771180|11|1~NM1|QC|1|TAPPEN|FRANCES||||HN|510093885D~NM1|82|1||||||XX|1962447805~NM1|TT|2|WPS - TRICARE FOR LIFE|||||PI|60000~MOA|||MA01|MA18~DTM|050|20150922~SVC|HC^99211|24|15.11||1~DTM|472|20150915~CAS|CO|45|4.73||253|.31~CAS|PR|2|3.85~REF|6R|1559573076Z1~REF|LU|11~AMT|B6|19.27~CLP|317-3476|19|130|81.56|20.8|MB|2815265771300|11|1~NM1|QC|1|TWILLEY|EDWARD||||HN|458213375A~NM1|82|1||||||XX|1962447805~NM1|TT|2|TX HEALTH & HUMAN SERVICES COMMI|||||PI|70051~MOA|||MA01|MA07~DTM|050|20150922~SVC|HC^99214|130|81.56||1~DTM|472|20150707~CAS|CO|45|25.98||253|1.66~CAS|PR|2|20.8~REF|6R|1559574266Z1~REF|LU|11~AMT|B6|104.02~SE|147|0001~GE|1|1421~IEA|1|000001426~