ISA|00|          |00|          |ZZ|ZIRMED         |30|611340767      |150317|0817|U|00401|000000713|0|P|^~GS|HP|ZIRMED|611340767|20150317|0817|708|X|004010X091A1~ST|835|0001~BPR|I|43.71|C|ACH|CCP|01|011900445|DA|0000009046|1066033492||01|111000025|DA|488038453432|20150320~TRN|1|815075530004038|1066033492~REF|EV|611340767~DTM|405|20150317~N1|PR|AETNA~N3|151 FARMINGTON AVENUE~N4|HARTFORD|CT|06156~N1|PE|KETHA, SUMANA|XX|1063835361~N3|2925 SKYWAY CIR N~N4|IRVING|TX|750383510~REF|PQ|762610840~REF|TJ|464596718~LX|1~TS3|1063835361|11|20151231|5|472~CLP|376-2382|2|51|6.12|1.53|15|E0PBKZX230000|31|1~NM1|QC|1|TRAVIS|ALFRED|M|||MI|449620738A~NM1|74|1||||||C|W093742796~NM1|82|1|MARCO|DALE-ANN||||XX|1063835361~REF|1L|0895980-030-00100-CI~REF|CE|TRADITIONAL CHOICE~DTM|232|20150128~DTM|233|20150128~DTM|050|20150310~PER|CX||TE|8886323862~AMT|AU|51~SVC|HC^99307|51|6.12||1~DTM|472|20150128~CAS|OA|23|43.35~CAS|PR|2|1.53~REF|6R|1378242990Z1~AMT|B6|37.64~LQ|HE|N192~CLP|214-2304|2|104|12.53|3.13|15|E0Y0KZYJR0000|31|1~NM1|QC|1|MILLER JR|WILLIAM|C|||MI|458344463A~NM1|74|1|MILLER||||JR|C|W081488962~NM1|82|1|MARCO|DALE-ANN||||XX|1063835361~REF|1L|0701224-015-00714-NB~REF|CE|TRADITIONAL CHOICE~DTM|232|20150119~DTM|233|20150119~DTM|050|20150310~PER|CX||TE|8886323862~AMT|AU|104~SVC|HC^99309|104|12.53||1~DTM|472|20150119~CAS|OA|23|88.34~CAS|PR|2|3.13~REF|6R|1378192912Z1~AMT|B6|77.03~LQ|HE|N192~CLP|52-2396|2|109|0|109|15|E0Y0KZYN40000|33|1~NM1|QC|1|MORSE|TRACY|A|||MI|462420991A~NM1|74|1||||||C|W116639990~NM1|82|1|MARCO|DALE-ANN||||XX|1063835361~REF|1L|0865338-014-00109-RE~REF|CE|TRADITIONAL CHOICE~DTM|232|20150129~DTM|233|20150129~DTM|036|20131231~DTM|050|20150310~PER|CX||TE|8886323862~AMT|AU|109~SVC|HC^99335|109|0||0||1~DTM|472|20150129~CAS|PR|27|109|1~REF|6R|1378249863Z1~AMT|B6|109~CLP|364-2272|2|104|12.53|3.13|15|E135KZXWJ0000|31|1~NM1|QC|1|JACKSON|MARIAN|A|||MI|463181950D~NM1|74|1||||||C|W058767023~NM1|82|1|MARCO|DALE-ANN||||XX|1063835361~REF|1L|0895980-030-00100-CI~REF|CE|TRADITIONAL CHOICE~DTM|232|20150126~DTM|233|20150126~DTM|050|20150310~PER|CX||TE|8886323862~AMT|AU|104~SVC|HC^99309|104|12.53||1~DTM|472|20150126~CAS|OA|23|88.34~CAS|PR|2|3.13~REF|6R|1378269593Z1~AMT|B6|77.03~LQ|HE|N192~CLP|364-2307|2|104|12.53|3.13|15|E135KZX0X0000|31|1~NM1|QC|1|JACKSON|MARIAN|A|||MI|463181950D~NM1|74|1||||||C|W058767023~NM1|82|1|MARCO|DALE-ANN||||XX|1063835361~REF|1L|0895980-030-00100-CI~REF|CE|TRADITIONAL CHOICE~DTM|232|20150119~DTM|233|20150119~DTM|050|20150310~PER|CX||TE|8886323862~AMT|AU|104~SVC|HC^99309|104|12.53||1~DTM|472|20150119~CAS|OA|23|88.34~CAS|PR|2|3.13~REF|6R|1378236347Z1~AMT|B6|77.03~LQ|HE|N192~SE|105|0001~GE|1|708~IEA|1|000000713~