ISA|00|          |00|          |ZZ|ZIRMED         |ZZ|GATE0084       |150728|0028|U|00401|000001195|1|P|^~GS|HP|ZIRMED|GATE0084|20150728|0028|1190|X|004010X091A1~ST|835|0001~BPR|I|128.3|C|CHK||||||||||||20150724~TRN|1|QC10334741|1411289245|000087726~DTM|405|20150724~N1|PR|UNITED HEALTHCARE INSURANCE COMPANY|XV|87726~N3|GREENSBORO SERVICE CENTER|PO BOX 30555~N4|SALT LAKE CITY|UT|841300555~REF|2U|87726~PER|CX|GREENSBORO SERVICE CENTER|TE|8778423210~N1|PE|SUMANA KETHA|XX|1063835361~N3|2925 SKYWAY CIR N~N4|IRVING|TX|750380000~REF|TJ|464596718~LX|1~TS3|1063835361|11|20151231|1|155~CLP|6056-3477|1|155|128.3||13|5127364503 0016092851|11|1~NM1|QC|1|SANGER|SWARN~NM1|IL|1|SANGER|SWARN||||MI|925583603~NM1|82|1|KETHA|SUMANA||||XX|1962447805~REF|CE|COMP BA~REF|1L|902732~DTM|050|20150713~DTM|232|20150707~AMT|AU|155~SVC|HC^99396|155|128.3||1~DTM|472|20150707~CAS|CO|45|26.7~REF|6R|1497813144Z1~AMT|B6|128.3~SE|30|0001~ST|835|0002~BPR|H|0|C|NON||||||||||||20150724~TRN|1|QK03181846|1411289245|000087726~DTM|405|20150724~N1|PR|UNITED HEALTHCARE INSURANCE COMPANY|XV|87726~N3|CHICO SERVICE CENTER|P.O. BOX 740800~N4|ATLANTA|GA|303740800~REF|2U|87726~PER|CX|CHICO SERVICE CENTER|TE|8778423210~N1|PE|SUMANA KETHA|XX|1063835361~N3|2925 SKYWAY CIR N~N4|IRVING|TX|750380000~REF|TJ|464596718~LX|1~TS3|1063835361|11|20151231|1|29~CLP|6043-3465|1|29|0|25.43|13|5137883774 0016242144|11|1~NM1|QC|1|SINGH|AMIT KUMAR~NM1|IL|1|SINGH|AMIT KUMAR||||MI|931891256~NM1|82|1|KETHA|SUMANA||||XX|1962447805~REF|1L|902866~REF|CE|CHOYC+~DTM|050|20150721~DTM|232|20150630~AMT|AU|29~SVC|HC^99211^25|24|0||1~DTM|472|20150630~CAS|CO|45|1.89~CAS|PR|1|22.11~REF|6R|1504886609Z1~AMT|B6|22.11~SVC|HC^J3420|5|0||1~DTM|472|20150630~CAS|CO|45|1.68~CAS|PR|1|3.32~REF|6R|1504886609Z2~AMT|B6|3.32~SE|37|0002~GE|2|1190~IEA|1|000001195~