ISA|00|          |00|          |ZZ|ZIRMED         |29|E12705         |150722|0532|U|00401|000001183|0|P|^~GS|HP|ZIRMED|E12705|20150722|0532|1178|X|004010X091A1~ST|835|0001~BPR|H|0|C|NON||||||||||||20150722~TRN|1|459497551|1205296137~REF|EV|E12705~DTM|405|20150721~N1|PR|NOVITAS SOLUTIONS, INC.~N3|PO BOX 3110~N4|MECHANICSBURG|PA|170551826~REF|2U|04412~PER|CX||TE|8552528782~N1|PE|DFW GERIATRICS PLLC|XX|1063835361~N3|2925 SKYWAY CIRCLE NORTH~N4|IRVING|TX|750383510~REF|TJ|464596718~LX|1~CLP|3165-3484|1|124|0||MB|2815197407300|11|1~NM1|QC|1|GARNER|BOBBY||||HN|435769496A~NM1|82|1||||||XX|1962447805~MOA|||MA01~DTM|050|20150716~SVC|HC^G0181|124|0||||1~DTM|472|20150630~CAS|CO|B5|124~REF|6R|1501238021Z1~REF|LU|11~CLP|352-2904|1|47|0||MB|2815197407240|11|1~NM1|QC|1|RAYMOND|JAMES||||HN|565788029A~NM1|82|1||||||XX|1962447805~MOA|||MA01~DTM|050|20150716~SVC|HC^G0179|47|0||||1~DTM|472|20150517~CAS|CO|151|47~REF|6R|1501237778Z1~REF|LU|11~LQ|HE|M25~SE|37|0001~ST|835|0002~BPR|I|384.17|C|ACH|CCP|01|081517693|DA|152302017594|1205296137||01|111000025|DA|488038453432|20150722~TRN|1|890611487|1205296137~REF|EV|E12705~DTM|405|20150721~N1|PR|NOVITAS SOLUTIONS, INC.~N3|PO BOX 3110~N4|MECHANICSBURG|PA|170551826~REF|2U|04412~PER|CX||TE|8552528782~N1|PE|DFW GERIATRICS PLLC|XX|1063835361~N3|2925 SKYWAY CIRCLE NORTH~N4|IRVING|TX|750383510~REF|TJ|464596718~LX|1~CLP|251-1486|1|83|54.18|13.82|MB|2815189204810|21|1~NM1|QC|1|DURHAM|EMANUEL||||HN|454787983A~NM1|82|1||||||XX|1962447805~MOA|||MA01~DTM|050|20150708~SVC|HC^99232|83|54.18||1~DTM|472|20141121~CAS|CO|45|13.89||253|1.11~CAS|PR|2|13.82~REF|6R|1493924285Z1~REF|LU|21~AMT|B6|69.11~CLP|53-1790|19|83|54.59|13.92|MB|2815189204830|21|1~NM1|QC|1|HOLLAND|TRUDY||||HN|465045111A~NM1|82|1||||||XX|1962447805~NM1|TT|2|TX HEALTH & HUMAN SERVICES COMMI|||||PI|70051~MOA|||MA01|MA07~DTM|050|20150708~SVC|HC^99232|83|54.59||1~DTM|472|20150103~CAS|CO|45|13.38||253|1.11~CAS|PR|2|13.92~REF|6R|1493925212Z1~REF|LU|21~AMT|B6|69.62~CLP|237-807|19|83|54.18|13.82|MB|2815189204820|21|1~NM1|QC|1|MILLER|CYNTHIA||||HN|359547702A~NM1|82|1||||||XX|1962447805~NM1|TT|2|HCSC-BCBS OF IL-STD A & B|||||PI|30024~MOA|||MA01|MA18~DTM|050|20150708~SVC|HC^99232|83|54.18||1~DTM|472|20140928~CAS|CO|45|13.89||253|1.11~CAS|PR|2|13.82~REF|6R|1493925206Z1~REF|LU|21~AMT|B6|69.11~CLP|392-2464|19|104|61.37|15.66|MB|2815189204760|31|1~NM1|QC|1|TRAVIS|DOLORES||||HN|449620738B~NM1|82|1||||||XX|1952303547~NM1|TT|2|AETNA, INC.|||||PI|00060~MOA|||MA01|MA18~DTM|050|20150708~SVC|HC^99309|104|61.37||1~DTM|472|20150209~CAS|CO|45|25.72||253|1.25~CAS|PR|2|15.66~REF|6R|1493874070Z1~REF|LU|31~AMT|B6|78.28~CLP|392-2474|19|104|68.59|17.5|MB|2815189204770|31|1~NM1|QC|1|TRAVIS|DOLORES||||HN|449620738B~NM1|82|1||||||XX|1962447805~NM1|TT|2|AETNA, INC.|||||PI|00060~MOA|||MA01|MA18~DTM|050|20150708~SVC|HC^99309|104|68.59||1~DTM|472|20150205~CAS|CO|45|16.51||253|1.4~CAS|PR|2|17.5~REF|6R|1493874071Z1~REF|LU|31~AMT|B6|87.49~CLP|392-2463|19|155|91.26|23.28|MB|2815189204780|31|1~NM1|QC|1|TRAVIS|DOLORES||||HN|449620738B~NM1|82|1||||||XX|1952303547~NM1|TT|2|AETNA, INC.|||||PI|00060~MOA|||MA01|MA18~DTM|050|20150708~SVC|HC^99310|155|91.26||1~DTM|472|20150202~CAS|CO|45|38.6||253|1.86~CAS|PR|2|23.28~REF|6R|1493874074Z1~REF|LU|31~AMT|B6|116.4~SE|93|0002~GE|2|1178~IEA|1|000001183~