ISA|00|          |00|          |ZZ|ZIRMED         |29|E12705         |150117|0830|U|00401|000000464|0|P|^~GS|HP|ZIRMED|E12705|20150117|0830|459|X|004010X091A1~ST|835|0001~BPR|H|0|C|NON||||||||||||20150120~TRN|1|458548108|1205296137~REF|EV|E12705~DTM|405|20150116~N1|PR|NOVITAS SOLUTIONS, INC.~N3|PO BOX 3110~N4|MECHANICSBURG|PA|170551826~REF|2U|04412~PER|CX||TE|8552528782~N1|PE|DFW GERIATRICS PLLC|XX|1063835361~N3|2925 SKYWAY CIRCLE NORTH~N4|IRVING|TX|750383510~REF|TJ|464596718~LX|1~CLP|117-1641|1|51|0||MB|2815013814650|11|1~NM1|QC|1|CHANCE|EUGENIA||||HN|466209252D~NM1|82|1||||||XX|1962447805~MOA|||MA01~DTM|050|20150113~SVC|HC^99307|51|0||||1~DTM|472|20140807~CAS|CO|58|51~REF|LU|11~REF|6R|1344305120Z1~CLP|82-1638|1|104|0||MB|2815013814610|11|1~NM1|QC|1|CLARK|CAROLYN|L|||HN|457403636D~NM1|82|1||||||XX|1962447805~MOA|||MA01~DTM|050|20150113~SVC|HC^99309|104|0||||1~DTM|472|20140807~CAS|CO|58|104~REF|LU|11~REF|6R|1344305116Z1~CLP|338-1810|1|109|0||MB|2815013175440|31|1~NM1|QC|1|DUNN|MYRTLE||||HN|295055739A~NM1|82|1||||||XX|1952303547~MOA|||MA01~DTM|050|20150113~SVC|HC^99335|109|0||||1~DTM|472|20141218~CAS|CO|58|109~REF|LU|31~REF|6R|1344073447Z1~CLP|171-1639|1|51|0||MB|2815013814620|11|1~NM1|QC|1|HUYNH|MAU|T|||HN|640241790A~NM1|82|1||||||XX|1962447805~MOA|||MA01~DTM|050|20150113~SVC|HC^99307|51|0||||1~DTM|472|20140807~CAS|CO|58|51~REF|LU|11~REF|6R|1344305117Z1~CLP|13-1642|1|51|0||MB|2815013814640|11|1~NM1|QC|1|WREN|BILLIE|N|||HN|523465985A~NM1|82|1||||||XX|1962447805~MOA|||MA01~DTM|050|20150113~SVC|HC^99307|51|0||||1~DTM|472|20140807~CAS|CO|58|51~REF|LU|11~REF|6R|1344305119Z1~SE|66|0001~ST|835|0002~BPR|I|2554.06|C|ACH|CCP|01|081517693|DA|152302017594|1205296137||01|111000025|DA|488038453432|20150120~TRN|1|889379609|1205296137~REF|EV|E12705~DTM|405|20150116~N1|PR|NOVITAS SOLUTIONS, INC.~N3|PO BOX 3110~N4|MECHANICSBURG|PA|170551826~REF|2U|04412~PER|CX||TE|8552528782~N1|PE|DFW GERIATRICS PLLC|XX|1063835361~N3|2925 SKYWAY CIRCLE NORTH~N4|IRVING|TX|750383510~REF|TJ|464596718~LX|1~CLP|270-1446|19|104|61.06|15.58|MB|2815005544480|31|1~NM1|QC|1|AMEZCUA|MARTHA||||HN|353488101D~NM1|82|1||||||XX|1952303547~NM1|TT|2|TX HEALTH & HUMAN SERVICES COMMI|||||PI|70051~MOA|||MA01|MA07~DTM|050|20150105~SVC|HC^99309|104|61.06||1~DTM|472|20141013~CAS|CO|45|26.11||253|1.25~CAS|PR|2|15.58~REF|LU|31~REF|6R|1337437185Z1~AMT|B6|77.89~CLP|270-1466|19|104|68.25|17.41|MB|2815005544610|31|1~NM1|QC|1|AMEZCUA|MARTHA||||HN|353488101D~NM1|82|1||||||XX|1962447805~NM1|TT|2|TX HEALTH & HUMAN SERVICES COMMI|||||PI|70051~MOA|||MA01|MA07~DTM|050|20150105~SVC|HC^99309|104|68.25||1~DTM|472|20141009~CAS|CO|45|16.95||253|1.39~CAS|PR|2|17.41~REF|LU|31~REF|6R|1337437198Z1~AMT|B6|87.05~CLP|270-1467|19|104|68.25|17.41|MB|2815005544620|31|1~NM1|QC|1|AMEZCUA|MARTHA||||HN|353488101D~NM1|82|1||||||XX|1962447805~NM1|TT|2|TX HEALTH & HUMAN SERVICES COMMI|||||PI|70051~MOA|||MA01|MA07~DTM|050|20150105~SVC|HC^99309|104|68.25||1~DTM|472|20141002~CAS|CO|45|16.95||253|1.39~CAS|PR|2|17.41~REF|LU|31~REF|6R|1337437199Z1~AMT|B6|87.05~CLP|270-1398|19|79|51.8|13.21|MB|2815006086920|31|1~NM1|QC|1|AMEZCUA|MARTHA||||HN|353488101D~NM1|82|1||||||XX|1962447805~NM1|TT|2|TX HEALTH & HUMAN SERVICES COMMI|||||PI|70051~MOA|||MA01|MA07~DTM|050|20150106~SVC|HC^99308|79|51.8||1~DTM|472|20141113~CAS|CO|45|12.93||253|1.06~CAS|PR|2|13.21~REF|LU|31~REF|6R|1338448768Z1~AMT|B6|66.07~CLP|278-1355|19|104|68.25|17.41|MB|2815006086820|31|1~NM1|QC|1|BARNETT|WALTER|L|||HN|458342969A~NM1|82|1||||||XX|1962447805~NM1|TT|2|SIERRA HEALTH & LIFE INSURANCE C|||||PI|30096~MOA|||MA01|MA18~DTM|050|20150106~SVC|HC^99309|104|68.25||1~DTM|472|20141116~CAS|CO|45|16.95||253|1.39~CAS|PR|2|17.41~REF|LU|31~REF|6R|1338448757Z1~AMT|B6|87.05~CLP|271-1449|19|104|61.06|15.58|MB|2815005544500|32|1~NM1|QC|1|BOYD|BETTYE|N|||HN|465347194A~NM1|82|1||||||XX|1952303547~NM1|TT|2|UNITEDHEALTHCARE|||||PI|00082~MOA|||MA01|MA18|N89~DTM|050|20150105~SVC|HC^99309|104|61.06||1~DTM|472|20141013~CAS|CO|45|26.11||253|1.25~CAS|PR|2|15.58~REF|LU|32~REF|6R|1337437187Z1~AMT|B6|77.89~CLP|271-1384|19|79|51.8|13.21|MB|2815006086880|31|1~NM1|QC|1|BOYD|BETTYE|N|||HN|465347194A~NM1|82|1||||||XX|1962447805~NM1|TT|2|UNITEDHEALTHCARE|||||PI|00082~MOA|||MA01|MA18|N89~DTM|050|20150106~SVC|HC^99308|79|51.8||1~DTM|472|20141113~CAS|CO|45|12.93||253|1.06~CAS|PR|2|13.21~REF|LU|31~REF|6R|1338448764Z1~AMT|B6|66.07~CLP|63-1469|19|79|51.8|13.21|MB|2815005544690|31|1~NM1|QC|1|CONNELL|WILLIAM|B|||HN|464589854A~NM1|82|1||||||XX|1962447805~NM1|TT|2|HCSC-BCBS OF TX-OTHER B ONLY|||||PI|00044~MOA|||MA01|MA18~DTM|050|20150105~SVC|HC^99308|79|51.8||1~DTM|472|20141002~CAS|CO|45|12.93||253|1.06~CAS|PR|2|13.21~REF|LU|31~REF|6R|1337446068Z1~AMT|B6|66.07~CLP|96-1414|19|104|68.25|17.41|MB|2815006086960|32|1~NM1|QC|1|DANIEL|JAMES||||HN|457235517T~NM1|82|1||||||XX|1962447805~NM1|TT|2|TX HEALTH & HUMAN SERVICES COMMI|||||PI|70051~MOA|||MA01|MA07~DTM|050|20150106~SVC|HC^99309|104|68.25||1~DTM|472|20141029~CAS|CO|45|16.95||253|1.39~CAS|PR|2|17.41~REF|LU|32~REF|6R|1338467299Z1~AMT|B6|87.05~CLP|238-1596|19|120|78.09|19.92|MB|2815005544730|21|1~NM1|QC|1|DELBOSQUE|EDWARDO||||HN|456397262A~NM1|82|1||||||XX|1962447805~NM1|TT|2|TX HEALTH & HUMAN SERVICES COMMI|||||PI|70051~MOA|||MA01|MA07~DTM|050|20150105~SVC|HC^99233|120|78.09||1~DTM|472|20141027~CAS|CO|45|20.4||253|1.59~CAS|PR|2|19.92~REF|LU|21~REF|6R|1337446072Z1~AMT|B6|99.6~CLP|172-1470|19|79|51.8|13.21|MB|2815005544700|31|1~NM1|QC|1|GUENTHER|MAXINE||||HN|510161715A~NM1|82|1||||||XX|1962447805~NM1|TT|2|UNITEDHEALTH GROUP|||||PI|30002~MOA|||MA01|MA18~DTM|050|20150105~SVC|HC^99308|79|51.8||1~DTM|472|20141002~CAS|CO|45|12.93||253|1.06~CAS|PR|2|13.21~REF|LU|31~REF|6R|1337446069Z1~AMT|B6|66.07~CLP|258-1360|19|104|68.25|17.41|MB|2815006087010|31|1~NM1|QC|1|HARGIS|VIRGINA|R|||HN|311209792D~NM1|82|1||||||XX|1962447805~NM1|TT|2|AMERICAN REPUBLIC INSURANCE CO|||||PI|30176~MOA|||MA01|MA18~DTM|050|20150106~SVC|HC^99309|104|68.25||1~DTM|472|20141113~CAS|CO|45|16.95||253|1.39~CAS|PR|2|17.41~REF|LU|31~REF|6R|1338470890Z1~AMT|B6|87.05~CLP|272-1594|19|104|68.25|17.41|MB|2815006086940|31|1~NM1|QC|1|HUCKABEE|CHARLES||||HN|461347627A~NM1|82|1||||||XX|1962447805~NM1|TT|2|AETNA, INC.|||||PI|00060~MOA|||MA01|MA18~DTM|050|20150106~SVC|HC^99309|104|68.25||1~DTM|472|20141113~CAS|CO|45|16.95||253|1.39~CAS|PR|2|17.41~REF|LU|31~REF|6R|1338448771Z1~AMT|B6|87.05~CLP|144-1468|19|51|33.58|8.57|MB|2815005544680|31|1~NM1|QC|1|JONES|FRANCES|C|||HN|254282932D6~NM1|82|1||||||XX|1962447805~NM1|TT|2|UNITEDHEALTH GROUP|||||PI|30002~MOA|||MA01|MA18~DTM|050|20150105~SVC|HC^99307|51|33.58||1~DTM|472|20141002~CAS|CO|45|8.16||253|.69~CAS|PR|2|8.57~REF|LU|31~REF|6R|1337446067Z1~AMT|B6|42.84~CLP|273-1236|19|155|101.51|25.89|MB|2815005544450|31|1~NM1|QC|1|JONES|NORAMAN|K|||HN|720074281A~NM1|82|1||||||XX|1962447805~NM1|TT|2|BLUE CROSS OF CALIFORNIA|||||PI|00170~MOA|||MA01|MA18~DTM|050|20150105~SVC|HC^99310|155|101.51||1~DTM|472|20141027~CAS|CO|45|25.53||253|2.07~CAS|PR|2|25.89~REF|LU|31~REF|6R|1337437182Z1~AMT|B6|129.47~CLP|273-1391|19|104|68.25|17.41|MB|2815006086900|31|1~NM1|QC|1|JONES|NORAMAN|K|||HN|720074281A~NM1|82|1||||||XX|1962447805~NM1|TT|2|BLUE CROSS OF CALIFORNIA|||||PI|00170~MOA|||MA01|MA18~DTM|050|20150106~SVC|HC^99309|104|68.25||1~DTM|472|20141113~CAS|CO|45|16.95||253|1.39~CAS|PR|2|17.41~REF|LU|31~REF|6R|1338448766Z1~AMT|B6|87.05~CLP|59-1459|19|79|51.8|13.21|MB|2815005544540|31|1~NM1|QC|1|KEILSON|GERALD|R|||HN|462301721A~NM1|82|1||||||XX|1962447805~NM1|TT|2|AMA INSURANCE AGENCY, INC.|||||PI|30150~MOA|||MA01|MA18~DTM|050|20150105~SVC|HC^99308|79|51.8||1~DTM|472|20141002~CAS|CO|45|12.93||253|1.06~CAS|PR|2|13.21~REF|LU|31~REF|6R|1337437191Z1~AMT|B6|66.07~CLP|59-1460|19|51|33.58|8.57|MB|2815005544550|31|1~NM1|QC|1|KEILSON|GERALD|R|||HN|462301721A~NM1|82|1||||||XX|1962447805~NM1|TT|2|AMA INSURANCE AGENCY, INC.|||||PI|30150~MOA|||MA01|MA18~DTM|050|20150105~SVC|HC^99307|51|33.58||1~DTM|472|20141007~CAS|CO|45|8.16||253|.69~CAS|PR|2|8.57~REF|LU|31~REF|6R|1337437192Z1~AMT|B6|42.84~CLP|59-1461|19|51|33.58|8.57|MB|2815005544570|31|1~NM1|QC|1|KEILSON|GERALD|R|||HN|462301721A~NM1|82|1||||||XX|1962447805~NM1|TT|2|AMA INSURANCE AGENCY, INC.|||||PI|30150~MOA|||MA01|MA18~DTM|050|20150105~SVC|HC^99307|51|33.58||1~DTM|472|20141009~CAS|CO|45|8.16||253|.69~CAS|PR|2|8.57~REF|LU|31~REF|6R|1337437194Z1~AMT|B6|42.84~CLP|214-1448|19|104|61.06|15.58|MB|2815005544490|31|1~NM1|QC|1|MILLER|WILLIAM|C|||HN|458344463A~NM1|82|1||||||XX|1952303547~NM1|TT|2|AETNA, INC.|||||PI|00060~MOA|||MA01|MA18~DTM|050|20150105~SVC|HC^99309|104|61.06||1~DTM|472|20141013~CAS|CO|45|26.11||253|1.25~CAS|PR|2|15.58~REF|LU|31~REF|6R|1337437186Z1~AMT|B6|77.89~CLP|214-1588|19|79|51.8|13.21|MB|2815005544630|31|1~NM1|QC|1|MILLER|WILLIAM|C|||HN|458344463A~NM1|82|1||||||XX|1962447805~NM1|TT|2|AETNA, INC.|||||PI|00060~MOA|||MA01|MA18~DTM|050|20150105~SVC|HC^99308|79|51.8||1~DTM|472|20141030~CAS|CO|45|12.93||253|1.06~CAS|PR|2|13.21~REF|LU|31~REF|6R|1337437200Z1~AMT|B6|66.07~CLP|173-1455|19|104|68.25|17.41|MB|2815006086980|32|1~NM1|QC|1|MITCHELL|CARL|W|||HN|449686350A~NM1|82|1||||||XX|1962447805~NM1|TT|2|TX HEALTH & HUMAN SERVICES COMMI|||||PI|70051~MOA|||MA01|MA07~DTM|050|20150106~SVC|HC^99309|104|68.25||1~DTM|472|20141013~CAS|CO|45|16.95||253|1.39~CAS|PR|2|17.41~REF|LU|32~REF|6R|1338467301Z1~AMT|B6|87.05~CLP|262-1375|1|104|68.25|17.41|MB|2815006086860|31|1~NM1|QC|1|MIZELL|BETTY|C|||HN|456521535A~NM1|82|1||||||XX|1962447805~MOA|||MA01~DTM|050|20150106~SVC|HC^99309|104|68.25||1~DTM|472|20141113~CAS|CO|45|16.95||253|1.39~CAS|PR|2|17.41~REF|LU|31~REF|6R|1338448762Z1~AMT|B6|87.05~CLP|29-1471|19|104|68.25|17.41|MB|2815005544710|31|1~NM1|QC|1|MOFFATT|RUBY|S|||HN|511149871B~NM1|82|1||||||XX|1962447805~NM1|TT|2|NORTH AMERICAN INSURANCE COMPANY|||||PI|30155~MOA|||MA01|MA18~DTM|050|20150105~SVC|HC^99309|104|68.25||1~DTM|472|20141002~CAS|CO|45|16.95||253|1.39~CAS|PR|2|17.41~REF|LU|31~REF|6R|1337446070Z1~AMT|B6|87.05~CLP|113-1465|19|79|51.8|13.21|MB|2815005544600|31|1~NM1|QC|1|MOORE|ERNEST|A|||HN|563407942A~NM1|82|1||||||XX|1962447805~NM1|TT|2|AETNA, INC.|||||PI|00060~MOA|||MA01|MA18~DTM|050|20150105~SVC|HC^99308|79|51.8||1~DTM|472|20141002~CAS|CO|45|12.93||253|1.06~CAS|PR|2|13.21~REF|LU|31~REF|6R|1337437197Z1~AMT|B6|66.07~CLP|231-1452|19|104|61.06|15.58|MB|2815005544510|31|1~NM1|QC|1|NGUYEN|BEIN|D|||HN|638323190A~NM1|82|1||||||XX|1952303547~NM1|TT|2|TX HEALTH & HUMAN SERVICES COMMI|||||PI|70051~MOA|||MA01|MA07~DTM|050|20150105~SVC|HC^99309|104|61.06||1~DTM|472|20141013~CAS|CO|45|26.11||253|1.25~CAS|PR|2|15.58~REF|LU|31~REF|6R|1337437188Z1~AMT|B6|77.89~CLP|231-1472|19|79|51.8|13.21|MB|2815005544720|31|1~NM1|QC|1|NGUYEN|BEIN|D|||HN|638323190A~NM1|82|1||||||XX|1962447805~NM1|TT|2|TX HEALTH & HUMAN SERVICES COMMI|||||PI|70051~MOA|||MA01|MA07~DTM|050|20150105~SVC|HC^99308|79|51.8||1~DTM|472|20141002~CAS|CO|45|12.93||253|1.06~CAS|PR|2|13.21~REF|LU|31~REF|6R|1337446071Z1~AMT|B6|66.07~CLP|231-1389|19|79|51.8|13.21|MB|2815006086890|31|1~NM1|QC|1|NGUYEN|BEIN|D|||HN|638323190A~NM1|82|1||||||XX|1962447805~NM1|TT|2|TX HEALTH & HUMAN SERVICES COMMI|||||PI|70051~MOA|||MA01|MA07~DTM|050|20150106~SVC|HC^99308|79|51.8||1~DTM|472|20141113~CAS|CO|45|12.93||253|1.06~CAS|PR|2|13.21~REF|LU|31~REF|6R|1338448765Z1~AMT|B6|66.07~CLP|20-1462|19|79|51.8|13.21|MB|2815005544560|31|1~NM1|QC|1|PAGE|ROBERT|H|||HN|275349947A~NM1|82|1||||||XX|1962447805~NM1|TT|2|TX HEALTH & HUMAN SERVICES COMMI|||||PI|70051~MOA|||MA01|MA07~DTM|050|20150105~SVC|HC^99308|79|51.8||1~DTM|472|20141002~CAS|CO|45|12.93||253|1.06~CAS|PR|2|13.21~REF|LU|31~REF|6R|1337437193Z1~AMT|B6|66.07~CLP|20-1463|19|79|51.8|13.21|MB|2815005544580|31|1~NM1|QC|1|PAGE|ROBERT|H|||HN|275349947A~NM1|82|1||||||XX|1962447805~NM1|TT|2|TX HEALTH & HUMAN SERVICES COMMI|||||PI|70051~MOA|||MA01|MA07~DTM|050|20150105~SVC|HC^99308|79|51.8||1~DTM|472|20141009~CAS|CO|45|12.93||253|1.06~CAS|PR|2|13.21~REF|LU|31~REF|6R|1337437195Z1~AMT|B6|66.07~CLP|201-1453|19|104|61.06|15.58|MB|2815005544520|32|1~NM1|QC|1|SANCHEZ|KATHRYN|D|||HN|452825891A~NM1|82|1||||||XX|1952303547~NM1|TT|2|MUTUAL OF OMAHA INSURANCE COMP|||||PI|30090~MOA|||MA01|MA18~DTM|050|20150105~SVC|HC^99309|104|61.06||1~DTM|472|20141013~CAS|CO|45|26.11||253|1.25~CAS|PR|2|15.58~REF|LU|32~REF|6R|1337437189Z1~AMT|B6|77.89~CLP|201-1464|19|79|51.8|13.21|MB|2815005544590|31|1~NM1|QC|1|SANCHEZ|KATHRYN|D|||HN|452825891A~NM1|82|1||||||XX|1962447805~NM1|TT|2|MUTUAL OF OMAHA INSURANCE COMP|||||PI|30090~MOA|||MA01|MA18~DTM|050|20150105~SVC|HC^99308|79|51.8||1~DTM|472|20141009~CAS|CO|45|12.93||253|1.06~CAS|PR|2|13.21~REF|LU|31~REF|6R|1337437196Z1~AMT|B6|66.07~CLP|201-1591|19|104|68.25|17.41|MB|2815005544640|31|1~NM1|QC|1|SANCHEZ|KATHRYN|D|||HN|452825891A~NM1|82|1||||||XX|1962447805~NM1|TT|2|MUTUAL OF OMAHA INSURANCE COMP|||||PI|30090~MOA|||MA01|MA18~DTM|050|20150105~SVC|HC^99309|104|68.25||1~DTM|472|20141002~CAS|CO|45|16.95||253|1.39~CAS|PR|2|17.41~REF|LU|31~REF|6R|1337437201Z1~AMT|B6|87.05~CLP|280-1357|1|155|101.51|25.89|MB|2815006086830|31|1~NM1|QC|1|SANDERS|PEGGY||||HN|412622112A~NM1|82|1||||||XX|1962447805~MOA|||MA01~DTM|050|20150106~SVC|HC^99310|155|101.51||1~DTM|472|20141116~CAS|CO|45|25.53||253|2.07~CAS|PR|2|25.89~REF|LU|31~REF|6R|1338448758Z1~AMT|B6|129.47~CLP|275-1396|19|104|68.25|17.41|MB|2815006086910|31|1~NM1|QC|1|SZKOLA|GERTRUDE|A|||HN|364058383A~NM1|82|1||||||XX|1962447805~NM1|TT|2|BCBS OF MICHIGAN|||||PI|00055~MOA|||MA01|MA18~DTM|050|20150106~SVC|HC^99309|104|68.25||1~DTM|472|20141113~CAS|CO|45|16.95||253|1.39~CAS|PR|2|17.41~REF|LU|31~REF|6R|1338448767Z1~AMT|B6|87.05~CLP|14-1454|1|104|68.25|17.41|MB|2815005544530|32|1~NM1|QC|1|TATUM|BILLY||||HN|464486388A~NM1|82|1||||||XX|1962447805~MOA|||MA01~DTM|050|20150105~SVC|HC^99309|104|68.25||1~DTM|472|20141013~CAS|CO|45|16.95||253|1.39~CAS|PR|2|17.41~REF|LU|32~REF|6R|1337437190Z1~AMT|B6|87.05~CLP|302-1592|19|104|68.25|17.41|MB|2815006087000|31|1~NM1|QC|1|UZER|SHARON||||HN|467397111A~NM1|82|1||||||XX|1962447805~NM1|TT|2|TX HEALTH & HUMAN SERVICES COMMI|||||PI|70051~MOA|||MA01|MA27|MA07~DTM|050|20150106~SVC|HC^99309|104|68.25||1~DTM|472|20141118~CAS|CO|45|16.95||253|1.39~CAS|PR|2|17.41~REF|LU|31~REF|6R|1338469887Z1~AMT|B6|87.05~CLP|274-1382|19|104|68.25|17.41|MB|2815006086870|31|1~NM1|QC|1|VINSON|BOLEKA|M|||HN|643580877T~NM1|82|1||||||XX|1962447805~NM1|TT|2|TX HEALTH & HUMAN SERVICES COMMI|||||PI|70051~MOA|||MA01|MA07~DTM|050|20150106~SVC|HC^99309|104|68.25||1~DTM|472|20141113~CAS|CO|45|16.95||253|1.39~CAS|PR|2|17.41~REF|LU|31~REF|6R|1338448763Z1~AMT|B6|87.05~CLP|274-1593|19|79|51.8|13.21|MB|2815006086990|32|1~NM1|QC|1|VINSON|BOLEKA|M|||HN|643580877T~NM1|82|1||||||XX|1962447805~NM1|TT|2|TX HEALTH & HUMAN SERVICES COMMI|||||PI|70051~MOA|||MA01|MA07~DTM|050|20150106~SVC|HC^99308|79|51.8||1~DTM|472|20141023~CAS|CO|45|12.93||253|1.06~CAS|PR|2|13.21~REF|LU|32~REF|6R|1338467304Z1~AMT|B6|66.07~CLP|284-1376|19|104|68.25|17.41|MB|2815006086850|31|1~NM1|QC|1|WRIGHT|ALBERT||||HN|451510217A~NM1|82|1||||||XX|1962447805~NM1|TT|2|TX HEALTH & HUMAN SERVICES COMMI|||||PI|70051~MOA|||MA01|MA07~DTM|050|20150106~SVC|HC^99309|104|68.25||1~DTM|472|20141113~CAS|CO|45|16.95||253|1.39~CAS|PR|2|17.41~REF|LU|31~REF|6R|1338448761Z1~AMT|B6|87.05~CLP|284-1291|19|155|101.51|25.89|MB|2815006086950|31|1~NM1|QC|1|WRIGHT|ALBERT||||HN|451510217A~NM1|82|1||||||XX|1962447805~NM1|TT|2|TX HEALTH & HUMAN SERVICES COMMI|||||PI|70051~MOA|||MA01|MA07~DTM|050|20150106~SVC|HC^99310|155|101.51||1~DTM|472|20141029~CAS|CO|45|25.53||253|2.07~CAS|PR|2|25.89~REF|LU|31~REF|6R|1338467297Z1~AMT|B6|129.47~SE|546|0002~GE|2|459~IEA|1|000000464~