ISA|00|          |00|          |ZZ|ZIRMED         |ZZ|AV09311993     |151007|2050|U|00401|000001429|0|P|^~GS|HP|ZIRMED|AV01101957|20151007|2050|1424|X|004010X091A1~ST|835|0001~BPR|I|142.87|C|CHK||||||||||||20151006~TRN|1|C15279340621670|1361236610|CP201510063406216700~REF|EV|TX8355010~DTM|405|20151006~N1|PR|BLUECROSS BLUESHIELD OF TEXAS~N3|P O BOX 660044~N4|DALLAS|TX|752660044~REF|2U|G84980~N1|PE|DFW GERIATRICS PLLC|XX|1063835361~N3|2925 SKYWAY CIR N~N4|IRVING|TX|750383510~REF|TJ|464596718~LX|1~CLP|5678-3880|1|215|142.87|38|12|0201526650889Y50X00|11|1~NM1|QC|1|HARRIS|MARY||||MI|UXE905620421~NM1|82|1|KETHA|SUMANA||||XX|1962447805~REF|1L|000ZGPPOX0000~REF|CE|PREFERRED PROVIDER ORGANIZATION~DTM|232|20150922~DTM|233|20150922~DTM|050|20150923~AMT|F5|38~AMT|AU|180.87~SVC|HC^99214^25|130|75.21||1~DTM|472|20150922~CAS|CO|45|16.79~CAS|PR|2|38~REF|6R|1560590998Z1~AMT|B6|113.21~SVC|HC^90654|23|16.72||1~DTM|472|20150922~CAS|CO|45|6.28~REF|6R|1560590998Z2~AMT|B6|16.72~SVC|HC^90471|33|21.94||1~DTM|472|20150922~CAS|CO|45|11.06~REF|6R|1560590998Z3~AMT|B6|21.94~SVC|HC^96372|29|29||1~DTM|472|20150922~REF|6R|1560590998Z4~AMT|B6|29~SE|45|0001~GE|1|1424~IEA|1|000001429~