ISA|00|          |00|          |ZZ|ZIRMED         |ZZ|611358935      |150811|1737|U|00401|000001222|0|P|^~GS|HP|ZIRMED|611358935|20150811|1737|1217|X|004010X091A1~ST|835|0001~BPR|I|116.02|C|ACH|CCP|01|093702139|DA|0601849573|1591031071||01|111000025|DA|488038453432|20150812~TRN|1|150808090030470|1591031071|62308~REF|EV|133052274~REF|F2|1~DTM|405|20150809~N1|PR|CIGNA HEALTH AND LIFE INSURANCE COMPANY~N3|P. O. BOX 182223~N4|CHATTANOOGA|TN|374227223~REF|2U|62308~N1|PE|DFW GERIATRICS PLLC|XX|1063835361~N3|2925 SKYWAY N CIR~N4|IRVING|TX|750383510~REF|TJ|464596718~LX|1~TS3|1063835361|11|20151231|2|260~CLP|2329-3034|2|130|11.6||13|8651521893620|11|1~NM1|QC|1|JOSHI|RACHANA||||MI|U4457539701~NM1|82|1|KETHA|SUMANA|D|||XX|1962447805~REF|1L|3174696~REF|CE|OPEN ACCESS PLUS~DTM|050|20150806~DTM|232|20150612~DTM|233|20150612~PER|CX|MEMBER SERVICES|TE|8002446224~AMT|AU|116.02~SVC|HC^99214|130|11.6||1~CAS|OA|187|-11.6||23|130~REF|6R|1518179444Z1~AMT|B6|116.02~CLP|2329-3034|19|130|104.42|11.6|13|8651521893620|11|1~NM1|QC|1|JOSHI|RACHANA||||MI|U4457539701~NM1|82|1|KETHA|SUMANA|D|||XX|1962447805~NM1|TT|2|CIGNA CHOICE FUND|||||PI|CIGNA CHOICE FUND~REF|1L|3174696~REF|CE|OPEN ACCESS PLUS~DTM|050|20150806~DTM|232|20150612~DTM|233|20150612~PER|CX|MEMBER SERVICES|TE|8002446224~AMT|AU|116.02~SVC|HC^99214|130|104.42||1~CAS|CO|45|13.98~CAS|PR|2|11.6~REF|6R|1518179444Z1~AMT|B6|116.02~SE|47|0001~GE|1|1217~IEA|1|000001222~