ISA|00|          |00|          |ZZ|ZIRMED         |29|E12705         |151126|1106|U|00401|000001596|0|P|^~GS|HP|ZIRMED|E12705|20151126|1106|1591|X|004010X091A1~ST|835|0001~BPR|I|438.02|C|ACH|CCP|01|081517693|DA|152302017594|1205296137||01|111000025|DA|488038453432|20151127~TRN|1|891775912|1205296137~REF|EV|E12705~DTM|405|20151125~N1|PR|NOVITAS SOLUTIONS, INC.~N3|PO BOX 3110~N4|MECHANICSBURG|PA|170551826~REF|2U|04412~PER|CX||TE|8552528782~N1|PE|DFW GERIATRICS PLLC|XX|1063835361~N3|2925 SKYWAY CIRCLE NORTH~N4|IRVING|TX|750383510~REF|TJ|464596718~LX|1~CLP|342-4224|19|130|81.56|20.8|MB|3815316592710|11|1~NM1|QC|1|ALLEN|THOMAS||||HN|453825428A~NM1|82|1||||||XX|1962447805~NM1|TT|2|TX HEALTH & HUMAN SERVICES COMMI|||||PI|70051~MOA|||MA01|MA07~DTM|050|20151112~SVC|HC^99214|130|81.56||1~DTM|472|20151109~CAS|CO|45|25.98||253|1.66~CAS|PR|2|20.8~REF|6R|1604755597Z1~REF|LU|11~AMT|B6|104.02~CLP|368-4247|1|130|81.56|20.8|MB|3915316184940|11|1~NM1|QC|1|GRAY|LESLIE||||HN|467083719A~NM1|82|1||||||XX|1962447805~MOA|||MA01~DTM|050|20151112~SVC|HC^99214|130|81.56||1~DTM|472|20151109~CAS|CO|45|25.98||253|1.66~CAS|PR|2|20.8~REF|6R|1604918604Z1~REF|LU|11~AMT|B6|104.02~CLP|3448-4178|1|130|81.56|20.8|MB|3915316184960|11|1~NM1|QC|1|KANE|CAROL||||HN|479508927D~NM1|82|1||||||XX|1962447805~MOA|||MA01~DTM|050|20151112~SVC|HC^99214|130|81.56||1~DTM|472|20151105~CAS|CO|45|25.98||253|1.66~CAS|PR|2|20.8~REF|6R|1604934122Z1~REF|LU|11~AMT|B6|104.02~CLP|314-4062|1|24|15.11|3.85|MB|2815317870050|11|1~NM1|QC|1|PALMER|LARRY||||HN|382562993A~NM1|82|1||||||XX|1962447805~MOA|||MA01~DTM|050|20151113~SVC|HC^99211|24|15.11||1~DTM|472|20151026~CAS|CO|45|4.73||253|.31~CAS|PR|2|3.85~REF|6R|1605850956Z1~REF|LU|11~AMT|B6|19.27~CLP|314-4226|1|28|15.11|3.85|MB|3815316592720|11|1~NM1|QC|1|PALMER|LARRY||||HN|382562993A~NM1|82|1||||||XX|1962447805~MOA|||MA01~DTM|050|20151112~SVC|HC^99211^25|24|15.11||1~DTM|472|20151109~CAS|CO|45|4.73||253|.31~CAS|PR|2|3.85~REF|6R|1604755598Z1~REF|LU|11~AMT|B6|19.27~SVC|HC^94760|4|0||||1~DTM|472|20151109~CAS|CO|97|4~REF|6R|1604755598Z2~REF|LU|11~LQ|HE|M80~CLP|315-4246|19|130|81.56|20.8|MB|3815316592730|11|1~NM1|QC|1|PATTILLO|CATHY||||HN|458297430A~NM1|82|1||||||XX|1962447805~NM1|TT|2|TX HEALTH & HUMAN SERVICES COMMI|||||PI|70051~MOA|||MA01|MA07~DTM|050|20151112~SVC|HC^99214|130|81.56||1~DTM|472|20151109~CAS|CO|45|25.98||253|1.66~CAS|PR|2|20.8~REF|6R|1604755604Z1~REF|LU|11~AMT|B6|104.02~CLP|347-4267|19|134|81.56|20.8|MB|3815316592740|11|1~NM1|QC|1|SOTO|JOSE||||HN|453040927A~NM1|82|1||||||XX|1962447805~NM1|TT|2|TX HEALTH & HUMAN SERVICES COMMI|||||PI|70051~MOA|||MA01|MA07~DTM|050|20151112~SVC|HC^99214^25|130|81.56||1~DTM|472|20151110~CAS|CO|45|25.98||253|1.66~CAS|PR|2|20.8~REF|6R|1604755606Z1~REF|LU|11~AMT|B6|104.02~SVC|HC^94760|4|0||||1~DTM|472|20151110~CAS|CO|97|4~REF|6R|1604755606Z2~REF|LU|11~LQ|HE|M80~SE|115|0001~GE|1|1591~IEA|1|000001596~