ISA|00|          |00|          |ZZ|ZIRMED         |ZZ|AV09311993     |150722|1519|U|00401|000001184|0|P|^~GS|HP|ZIRMED|AV01101957|20150722|1519|1179|X|004010X091A1~ST|835|0001~BPR|I|53.92|C|CHK||||||||||||20150721~TRN|1|C15202119332710|1361236610|CP201507211193327100~REF|EV|TX8355010~DTM|405|20150721~N1|PR|BLUECROSS BLUESHIELD OF TEXAS~N3|P O BOX 660044~N4|DALLAS|TX|752660044~REF|2U|G84980~N1|PE|DFW GERIATRICS PLLC|XX|1063835361~N3|2925 SKYWAY CIR N~N4|IRVING|TX|750383510~REF|TJ|464596718~LX|1~CLP|6038-2849|2|386|53.92||15|02015196579P5100X00|11|1~NM1|QC|1|BUTNER|JOANN||||MI|R02401367~NM1|IL|1|BUTNER|JOANN||||MI|R02401367~NM1|82|1|KETHA|SUMANA||||XX|1962447805~REF|1L|0000FEPTX0102~REF|CE|MEDICARE CROSSOVER CLAIM~DTM|232|20150430~DTM|233|20150430~DTM|050|20150715~AMT|AU|383.55~SVC|HC^99211^25|24|0||1~DTM|472|20150430~CAS|OA|18|24~REF|6R|1485758356Z1~LQ|HE|N702~SVC|HC^95923|252|37||1~DTM|472|20150430~CAS|OA|23|148.02~REF|6R|1485758356Z2~AMT|B6|185.02~SVC|HC^95921|110|16.92||1~DTM|472|20150430~CAS|OA|23|67.69~REF|6R|1485758356Z3~AMT|B6|84.61~SE|40|0001~ST|835|0002~BPR|H|0|C|NON||||||||||||20150721~TRN|1|C15202N14454860|1361236610|CP20150721N144548600~REF|EV|TX8355010~DTM|405|20150721~N1|PR|BLUECROSS BLUESHIELD OF TEXAS~N3|P O BOX 660044~N4|DALLAS|TX|752660044~REF|2U|G84980~N1|PE|DFW GERIATRICS PLLC|XX|1063835361~N3|2925 SKYWAY CIR N~N4|IRVING|TX|750383510~REF|TJ|464596718~LX|1~CLP|720-3433|2|148|0|148|15|02015182501X4070X00|11|1~NM1|QC|1|RHODES|JIMMY||||MI|ZGM860781785~NM1|74|1|||E~NM1|82|1|KETHA|SUMANA||||XX|1962447805~REF|1L|0000TX2140000~DTM|232|20150623~DTM|233|20150623~DTM|050|20150701~SVC|HC^99214^25|130|0||1~DTM|472|20150623~CAS|PR|27|130~REF|6R|1488605598Z1~LQ|HE|N30~SVC|HC^99406|18|0||1~DTM|472|20150623~CAS|PR|27|18~REF|6R|1488605598Z2~LQ|HE|N30~SE|33|0002~GE|2|1179~IEA|1|000001184~