ISA|00|          |00|          |ZZ|ZIRMED         |29|E12705         |150226|0241|U|00401|000000646|0|P|^~GS|HP|ZIRMED|E12705|20150226|0241|641|X|004010X091A1~ST|835|0001~BPR|H|0|C|NON||||||||||||20150226~TRN|1|458794789|1205296137~REF|EV|E12705~DTM|405|20150225~N1|PR|NOVITAS SOLUTIONS, INC.~N3|PO BOX 3110~N4|MECHANICSBURG|PA|170551826~REF|2U|04412~PER|CX||TE|8552528782~N1|PE|DFW GERIATRICS PLLC|XX|1063835361~N3|2925 SKYWAY CIRCLE NORTH~N4|IRVING|TX|750383510~REF|TJ|464596718~LX|1~CLP|279-2312|1|109|0||MB|2815051846600|31|1~NM1|QC|1|BANNER|JOSEPHINE|M|||HN|575283550A~NM1|82|1||||||XX|1679978068~MOA|||MA01~DTM|050|20150220~SVC|HC^99335|109|0||||1~DTM|472|20150119~CAS|CO|58|109~REF|LU|31~REF|6R|1378192920Z1~CLP|137-2394|1|93|0||MB|2815051847090|33|1~NM1|QC|1|BARNETT|JERRELL|A|||HN|466441735A~NM1|82|1||||||XX|1952303547~MOA|||MA01~DTM|050|20150220~SVC|HC^99325|93|0||||1~DTM|472|20150129~CAS|CO|B16|93~REF|LU|33~REF|6R|1378249861Z1~LQ|HE|M13~CLP|171-2392|19|109|0|81.63|MB|2815051847070|33|1~NM1|QC|1|HUYNH|MAU|T|||HN|640241790A~NM1|82|1||||||XX|1952303547~NM1|TT|2|TX HEALTH & HUMAN SERVICES COMMI|||||PI|70051~MOA|||MA01|MA07~DTM|050|20150220~SVC|HC^99335|109|0||1~DTM|472|20150129~CAS|CO|45|27.37~CAS|PR|1|81.63~REF|LU|33~REF|6R|1378249859Z1~AMT|B6|81.63~CLP|25-2397|19|109|0|81.63|MB|2815051847120|33|1~NM1|QC|1|MARTINEZ|ROSA||||HN|564746716D~NM1|82|1||||||XX|1952303547~NM1|TT|2|TX HEALTH & HUMAN SERVICES COMMI|||||PI|70051~MOA|||MA01|MA07~DTM|050|20150220~SVC|HC^99335|109|0||1~DTM|472|20150129~CAS|CO|45|27.37~CAS|PR|1|81.63~REF|LU|33~REF|6R|1378249864Z1~AMT|B6|81.63~CLP|20-2299|1|109|0||MB|2815051846860|31|1~NM1|QC|1|PAGE|ROBERT|H|||HN|275349947A~NM1|82|1||||||XX|1952303547~MOA|||MA01~DTM|050|20150220~SVC|HC^99335|109|0||||1~DTM|472|20150127~CAS|CO|58|109~REF|LU|31~REF|6R|1378206460Z1~CLP|3-2384|19|109|0|81.63|MB|2815051846990|33|1~NM1|QC|1|ROTHSTEIN|AGATHA|R|||HN|539267482D~NM1|82|1||||||XX|1952303547~NM1|TT|2|AETNA, INC.|||||PI|00060~MOA|||MA01|MA18~DTM|050|20150220~SVC|HC^99335|109|0||1~DTM|472|20150129~CAS|CO|45|27.37~CAS|PR|1|81.63~REF|LU|33~REF|6R|1378249851Z1~AMT|B6|81.63~CLP|157-2381|1|109|0|81.63|MB|2815051846960|33|1~NM1|QC|1|WOFFORD|LORENE||||HN|466264732D~NM1|82|1||||||XX|1952303547~MOA|||MA01~DTM|050|20150220~SVC|HC^99335|109|0||1~DTM|472|20150128~CAS|CO|45|27.37~CAS|PR|1|81.63~REF|LU|33~REF|6R|1378242983Z1~AMT|B6|81.63~SE|98|0001~GE|1|641~IEA|1|000000646~