ISA|00|          |00|          |ZZ|ZIRMED         |30|611340767      |150113|0826|U|00401|000000449|0|P|^~GS|HP|ZIRMED|611340767|20150113|0826|444|X|004010X091A1~ST|835|0001~BPR|I|41.79|C|ACH|CCP|01|011900445|DA|0000009046|1066033492||01|111000025|DA|488038453432|20150116~TRN|1|815012560003010|1066033492~REF|EV|611340767~DTM|405|20150113~N1|PR|AETNA~N3|151 FARMINGTON AVENUE~N4|HARTFORD|CT|06156~N1|PE|KETHA, SUMANA|XX|1063835361~N3|2925 SKYWAY CIR N~N4|IRVING|TX|750383510~REF|PQ|762610840~REF|TJ|464596718~LX|1~TS3|1063835361|31|20151231|4|363~CLP|113-648|2|104|13.93|3.48|15|EFFBKP2G50000|31|1~NM1|QC|1|MOORE|ERNEST|A|||MI|563407942A~NM1|74|1||LYNN||||C|W071287231~NM1|82|1|KETHA|SUMANA||||XX|1063835361~REF|1L|0895980-030-00100-CI~REF|CE|TRADITIONAL CHOICE~DTM|232|20140902~DTM|233|20140902~DTM|050|20150102~PER|CX||TE|8886323862~AMT|AU|104~SVC|HC^99309|104|13.93||1~DTM|472|20140902~CAS|OA|23|86.59~CAS|PR|2|3.48~REF|6R|1320199951Z1~AMT|B6|85.66~LQ|HE|N192~CLP|113-753|2|104|13.93|3.48|15|EFY0KPV9L0000|31|1~NM1|QC|1|MOORE|ERNEST|A|||MI|563407942A~NM1|74|1||LYNN||||C|W071287231~NM1|82|1|KETHA|SUMANA||||XX|1063835361~REF|1L|0895980-030-00100-CI~REF|CE|TRADITIONAL CHOICE~DTM|232|20140911~DTM|233|20140911~DTM|050|20150102~PER|CX||TE|8886323862~AMT|AU|104~SVC|HC^99309|104|13.93||1~DTM|472|20140911~CAS|OA|23|86.59~CAS|PR|2|3.48~REF|6R|1320467997Z1~AMT|B6|85.66~LQ|HE|N192~CLP|120-1421|2|51|0|8.57|15|EJY0KS1T90000|31|1~NM1|QC|1|CROWDER|EVA|B|||MI|460445627A~NM1|74|1||||||C|W051736079~NM1|82|1|KETHA|SUMANA||||XX|1063835361~REF|1L|0895980-030-00100-CI~REF|CE|TRADITIONAL CHOICE~DTM|232|20141002~DTM|233|20141002~DTM|050|20150109~PER|CX||TE|8886323862~AMT|AU|51~SVC|HC^99307|51|0||1~DTM|472|20141002~CAS|OA|23|42.43~CAS|PR|1|8.57~REF|6R|1329941212Z1~AMT|B6|42.15~LQ|HE|N192~CLP|214-639|2|104|13.93|3.48|15|EYY0JZBB90000|31|1~NM1|QC|1|MILLER JR|WILLIAM|C|||MI|458344463A~NM1|74|1|MILLER||||JR|C|W081488962~NM1|82|1|KETHA|SUMANA||||XX|1063835361~REF|1L|0701224-015-00714-NB~REF|CE|TRADITIONAL CHOICE~DTM|232|20140902~DTM|233|20140902~DTM|050|20150102~PER|CX||TE|8886323862~AMT|AU|104~SVC|HC^99309|104|13.93||1~DTM|472|20140902~CAS|OA|23|86.59~CAS|PR|2|3.48~REF|6R|1320199944Z1~AMT|B6|85.66~LQ|HE|N192~SE|88|0001~GE|1|444~IEA|1|000000449~