ISA|00|          |00|          |ZZ|ZIRMED         |29|E12705         |151124|0640|U|00401|000001589|0|P|^~GS|HP|ZIRMED|E12705|20151124|0640|1584|X|004010X091A1~ST|835|0001~BPR|I|342.42|C|ACH|CCP|01|081517693|DA|152302017594|1205296137||01|111000025|DA|488038453432|20151124~TRN|1|891748183|1205296137~REF|EV|E12705~DTM|405|20151123~N1|PR|NOVITAS SOLUTIONS, INC.~N3|PO BOX 3110~N4|MECHANICSBURG|PA|170551826~REF|2U|04412~PER|CX||TE|8552528782~N1|PE|DFW GERIATRICS PLLC|XX|1063835361~N3|2925 SKYWAY CIRCLE NORTH~N4|IRVING|TX|750383510~REF|TJ|464596718~LX|1~CLP|315-4028|19|566|342.42|82.62|MB|2815300892580|11|1~NM1|QC|1|PATTILLO|CATHY||||HN|458297430A~NM1|82|1||||||XX|1962447805~NM1|TT|2|TX HEALTH & HUMAN SERVICES COMMI|||||PI|70051~MOA|||MA01|MA15|MA07~DTM|050|20151027~SVC|HC^99214^25|130|81.56||1~DTM|472|20151016~CAS|CO|45|25.98||253|1.66~CAS|PR|2|20.8~REF|6R|1589122963Z1~REF|LU|11~AMT|B6|104.02~SVC|HC^90654|23|18.54||1~DTM|472|20151016~CAS|CO|45|4.08||253|.38~REF|6R|1589122963Z3~REF|LU|11~AMT|B6|18.92~SVC|HC^96372|29|19.15||1~DTM|472|20151016~CAS|CO|45|4.58||253|.39~CAS|PR|2|4.88~REF|6R|1589122963Z4~REF|LU|11~AMT|B6|24.42~SVC|HC^94760|4|0||||1~DTM|472|20151016~CAS|CO|97|4~REF|6R|1589122963Z5~REF|LU|11~LQ|HE|M80~SVC|HC^95923|252|145.78||1~DTM|472|20151016~CAS|CO|45|66.05||253|2.98~CAS|PR|2|37.19~REF|6R|1589122963Z6~REF|LU|11~AMT|B6|185.95~SVC|HC^95921|110|66.66||1~DTM|472|20151016~CAS|CO|45|24.97||253|1.36~CAS|PR|2|17.01~REF|6R|1589122963Z7~REF|LU|11~AMT|B6|85.03~SVC|HC^99406|18|10.73||1~DTM|472|20151016~CAS|CO|45|4.31||253|.22~CAS|PR|2|2.74~REF|6R|1589122963Z8~REF|LU|11~AMT|B6|13.69~SE|69|0001~GE|1|1584~IEA|1|000001589~