ISA|00|          |00|          |ZZ|ZIRMED         |ZZ|PAYER          |150912|2117|U|00401|000001352|0|P|^~GS|HP|ZIRMED|PROVIDERHIS|20150912|2117|1347|X|004010X091A1~ST|835|0001~BPR|I|347.07|C|ACH|CCP|01|071000505|DA|5800366444|1742770542||01|111000025|DA|488038453432|20150914~TRN|1|0901510227|1742770542~REF|EV|999999999999999~DTM|405|20150914~N1|PR|SUPERIOR HEALTH PLAN~N3|6070 GATEWAY EAST|SUITE 400~N4|EL PASO|TX|79905~N1|PE|DFW GERIATRICS PLLC|XX|1063835361~N3|2925 SKWY CIR N~N4|IRVING|TX|75038~REF|TJ|464596718~LX|1~CLP|6046-3782|1|401|267.95||HM|O252TXE33014|11|E~NM1|QC|1|CHAVEZ|CATHERINE||||MR|506194931~NM1|IL|1|CHAVEZ|CATHERINE||||MI|00251050401~NM1|82|1|KETHA|SUMANA||||XX|1962447805~REF|EA|000000038050~REF|G2|168813~SVC|HC^99205^25|149|108.88||1~DTM|472|20150612~CAS|CO|45|40.12~REF|6R|1547806231Z1~REF|HPI|1962447805~AMT|B6|108.88~SVC|HC^95923|252|159.07||1~DTM|472|20150612~CAS|CO|45|92.93~REF|6R|1547806231Z2~REF|HPI|1962447805~AMT|B6|159.07~LX|2~CLP|6048-3783|1|174|79.12||HM|O252TXE33019|11|E~NM1|QC|1|MARTIN|GERTRUDE||||MR|504273668~NM1|IL|1|MARTIN|GERTRUDE||||MI|00187200401~NM1|82|1|KETHA|SUMANA||||XX|1962447805~REF|EA|000000038051~REF|G2|168813~SVC|HC^99215|174|79.12||1~DTM|472|20150612~CAS|CO|45|94.88~REF|6R|1547806232Z1~REF|HPI|1962447805~AMT|B6|79.12~SE|45|0001~GE|1|1347~IEA|1|000001352~