ISA|00|          |00|          |ZZ|ZIRMED         |ZZ|611358935      |150512|1819|U|00401|000001544|0|P|^~GS|HP|ZIRMED|611358935|20150512|1819|1541|X|004010X091A1~ST|835|0001~BPR|I|46.77|C|CHK||||||||||||20150522~TRN|1|67350352|1470246511|01~REF|EV|133052274~DTM|405|20150511~N1|PR|MUTUAL OF OMAHA COMPANIES CLAIMS DEPARTMENT~N3|MUTUAL OF OMAHA PLAZA~N4|OMAHA|NE|68175~REF|EO|71412~REF|2U|71412~N1|PE|TEXAS PHYS HOUSE CALLS|XX|1124441423~N3|NORTH|2925 SKYWAY CIR N~N4|IRVING|TX|75038~REF|TJ|464596181~LX|1~CLP|5880-4944|2|267|46.77||15|584159138600-029/20150509TXBA8|12|1~NM1|QC|1|FERNANDES|ALEYKUTTY|H|||MI|73054297M~NM1|82|1|KETHA|SUMANA|||M.D|XX|1962447805~REF|IG|73054297M~DTM|232|20150415~DTM|050|20150509~SVC|HC^99496^25|267|46.77~DTM|472|20150415~CAS|OA|23|220.23~REF|6R|1430592560Z1~AMT|B6|46.77~SE|27|0001~GE|1|1541~IEA|1|000001544~