ISA|00|          |00|          |ZZ|ZIRMED         |29|E12705         |150715|0424|U|00401|000001137|0|P|^~GS|HP|ZIRMED|E12705|20150715|0424|1132|X|004010X091A1~ST|835|0001~BPR|H|0|C|NON||||||||||||20150715~TRN|1|459465812|1205296137~REF|EV|E12705~DTM|405|20150714~N1|PR|NOVITAS SOLUTIONS, INC.~N3|PO BOX 3110~N4|MECHANICSBURG|PA|170551826~REF|2U|04412~PER|CX||TE|8552528782~N1|PE|DFW GERIATRICS PLLC|XX|1063835361~N3|2925 SKYWAY CIRCLE NORTH~N4|IRVING|TX|750383510~REF|TJ|464596718~LX|1~CLP|6038-3457|1|149|0||MB|2815190215750|11|1~NM1|QC|1|BUTNER|JOANN||||HN|457565807A~NM1|82|1||||||XX|1679978068~MOA|||MA01~DTM|050|20150709~SVC|HC^99205|149|0||||1~DTM|472|20150422~CAS|CO|B16|149~REF|6R|1495405126Z1~REF|LU|11~LQ|HE|M13~SE|27|0001~ST|835|0002~BPR|I|863.82|C|ACH|CCP|01|081517693|DA|152302017594|1205296137||01|111000025|DA|488038453432|20150715~TRN|1|890568403|1205296137~REF|EV|E12705~DTM|405|20150714~N1|PR|NOVITAS SOLUTIONS, INC.~N3|PO BOX 3110~N4|MECHANICSBURG|PA|170551826~REF|2U|04412~PER|CX||TE|8552528782~N1|PE|DFW GERIATRICS PLLC|XX|1063835361~N3|2925 SKYWAY CIRCLE NORTH~N4|IRVING|TX|750383510~REF|TJ|464596718~LX|1~CLP|420-3442|19|134|81.14|20.7|MB|2915182010750|11|1~NM1|QC|1|AGANON|ASTERIO||||HN|630768999A~NM1|82|1||||||XX|1962447805~NM1|TT|2|ASSURED LIFE ASSOCIATION|||||PI|30281~MOA|||MA01|MA18~DTM|050|20150701~SVC|HC^99214^25|130|81.14||1~DTM|472|20150630~CAS|CO|45|26.5||253|1.66~CAS|PR|2|20.7~REF|6R|1488605605Z1~REF|LU|11~AMT|B6|103.5~SVC|HC^94760|4|0||||1~DTM|472|20150630~CAS|CO|97|4~REF|6R|1488605605Z2~REF|LU|11~LQ|HE|M80~CLP|350-3434|19|174|109.4|27.91|MB|2915182010720|11|1~NM1|QC|1|HIGGS|CYNTHIA|G|||HN|460217469A~NM1|82|1||||||XX|1962447805~NM1|TT|2|TX HEALTH & HUMAN SERVICES COMMI|||||PI|70051~MOA|||MA01|MA07~DTM|050|20150701~SVC|HC^99215|174|109.4||1~DTM|472|20150629~CAS|CO|45|34.46||253|2.23~CAS|PR|2|27.91~REF|6R|1488605599Z1~REF|LU|11~AMT|B6|139.54~CLP|383-3439|1|130|81.14|20.7|MB|2915182010730|11|1~NM1|QC|1|HUDGINS|NANCY||||HN|509380876A~NM1|82|1||||||XX|1962447805~MOA|||MA01~DTM|050|20150701~SVC|HC^99214|130|81.14||1~DTM|472|20150630~CAS|CO|45|26.5||253|1.66~CAS|PR|2|20.7~REF|6R|1488605603Z1~REF|LU|11~AMT|B6|103.5~CLP|3896-3024|19|130|72.32|18.45|MB|2915182010770|11|1~NM1|QC|1|MCCOY|ALEXANDER||||HN|634268279A~NM1|82|1||||||XX|1679978068~NM1|TT|2|TX HEALTH & HUMAN SERVICES COMMI|||||PI|70051~MOA|||MA01|MA07~DTM|050|20150701~SVC|HC^99214|130|72.32||1~DTM|472|20141223~CAS|CO|45|37.75||253|1.48~CAS|PR|2|18.45~REF|6R|1488622591Z1~REF|LU|11~AMT|B6|92.25~CLP|6063-3430|19|110|66.34|16.92|MB|2915182010690|11|1~NM1|QC|1|RODRIGUEZ|SALOME||||HN|449814589A~NM1|82|1||||||XX|1962447805~NM1|TT|2|TX HEALTH & HUMAN SERVICES COMMI|||||PI|70051~MOA|||MA01|MA15|MA07~DTM|050|20150701~SVC|HC^95921|110|66.34||1~DTM|472|20150620~CAS|CO|45|25.39||253|1.35~CAS|PR|2|16.92~REF|6R|1488605595Z2~REF|LU|11~AMT|B6|84.61~CLP|6064-3431|19|110|66.34|16.92|MB|2915182010700|11|1~NM1|QC|1|SMITH|LAURA||||HN|454949842M~NM1|82|1||||||XX|1962447805~NM1|TT|2|TX HEALTH & HUMAN SERVICES COMMI|||||PI|70051~MOA|||MA01|MA15|MA07~DTM|050|20150701~SVC|HC^95921|110|66.34||1~DTM|472|20150620~CAS|CO|45|25.39||253|1.35~CAS|PR|2|16.92~REF|6R|1488605596Z2~REF|LU|11~AMT|B6|84.61~CLP|309-3441|19|178|109.4|27.91|MB|2915182010740|11|1~NM1|QC|1|VANDERPOOL|ADRIAN||||HN|466297262A~NM1|82|1||||||XX|1962447805~NM1|TT|2|TX HEALTH & HUMAN SERVICES COMMI|||||PI|70051~MOA|||MA01|MA07~DTM|050|20150701~SVC|HC^99215^25|174|109.4||1~DTM|472|20150630~CAS|CO|45|34.46||253|2.23~CAS|PR|2|27.91~REF|6R|1488605604Z1~REF|LU|11~AMT|B6|139.54~SVC|HC^94760|4|0||||1~DTM|472|20150630~CAS|CO|97|4~REF|6R|1488605604Z2~REF|LU|11~LQ|HE|M80~CLP|6065-3432|19|110|66.34|16.92|MB|2915182010710|11|1~NM1|QC|1|WILLIAMS|EDNA|F|||HN|457029048A~NM1|82|1||||||XX|1962447805~NM1|TT|2|TX HEALTH & HUMAN SERVICES COMMI|||||PI|70051~MOA|||MA01|MA15|MA07~DTM|050|20150701~SVC|HC^95921|110|66.34||1~DTM|472|20150620~CAS|CO|45|25.39||253|1.35~CAS|PR|2|16.92~REF|6R|1488605597Z2~REF|LU|11~AMT|B6|84.61~CLP|422-3443|1|366|211.4|53.92|MB|2915182010760|11|1~NM1|QC|1|WILSON|VIVIAN||||HN|463196861A~NM1|82|1||||||XX|1962447805~MOA|||MA01|MA15~DTM|050|20150701~SVC|HC^94760|4|0||||1~DTM|472|20150619~CAS|CO|50|4~REF|6R|1488605606Z2~REF|LU|11~LQ|HE|M25~LQ|HE|N115~SVC|HC^95923|252|145.06||1~DTM|472|20150619~CAS|CO|45|66.98||253|2.96~CAS|PR|2|37~REF|6R|1488605606Z3~REF|LU|11~AMT|B6|185.02~SVC|HC^95921|110|66.34||1~DTM|472|20150619~CAS|CO|45|25.39||253|1.35~CAS|PR|2|16.92~REF|6R|1488605606Z4~REF|LU|11~AMT|B6|84.61~SE|157|0002~GE|2|1132~IEA|1|000001137~