ISA|00|          |00|          |ZZ|ZIRMED         |29|E12705         |150207|0216|U|00401|000000537|0|P|^~GS|HP|ZIRMED|E12705|20150207|0216|532|X|004010X091A1~ST|835|0001~BPR|H|0|C|NON||||||||||||20150209~TRN|1|458682907|1205296137~REF|EV|E12705~DTM|405|20150206~N1|PR|NOVITAS SOLUTIONS, INC.~N3|PO BOX 3110~N4|MECHANICSBURG|PA|170551826~REF|2U|04412~PER|CX||TE|8552528782~N1|PE|DFW GERIATRICS PLLC|XX|1063835361~N3|2925 SKYWAY CIRCLE NORTH~N4|IRVING|TX|750383510~REF|TJ|464596718~LX|1~CLP|95-2008|19|79|0|66.02|MB|2815033888650|31|1~NM1|QC|1|DAILY|TOM|A|||HN|467645645A~NM1|82|1||||||XX|1962447805~NM1|TT|2|TX HEALTH & HUMAN SERVICES COMMI|||||PI|70051~MOA|||MA01|MA07~DTM|050|20150202~SVC|HC^99308|79|0||1~DTM|472|20150106~CAS|CO|45|12.98~CAS|PR|1|66.02~REF|LU|31~REF|6R|1360870542Z1~AMT|B6|66.02~CLP|95-2024|1|109|0||MB|2815033888700|31|1~NM1|QC|1|DAILY|TOM|A|||HN|467645645A~NM1|82|1||||||XX|1952303547~MOA|||MA01~DTM|050|20150202~SVC|HC^99335|109|0||||1~DTM|472|20150109~CAS|CO|58|109~REF|LU|31~REF|6R|1360872652Z1~CLP|291-1417|1|123|0||MB|2815034756260|21|1~NM1|QC|1|DICKERSON|KIMBERLY||||HN|456393897A~NM1|82|1||||||XX|1962447805~MOA|||MA01~DTM|050|20150203~SVC|HC^99239|123|0||||1~DTM|472|20141004~CAS|CO|151|123~REF|LU|21~REF|6R|1363463315Z1~LQ|HE|N362~CLP|291-1416|1|315|0||MB|2815034756280|21|1~NM1|QC|1|DICKERSON|KIMBERLY||||HN|456393897A~NM1|82|1||||||XX|1962447805~MOA|||MA01~DTM|050|20150203~SVC|HC^99291|315|0||||1~DTM|472|20141003~CAS|CO|151|315~REF|LU|21~REF|6R|1363463735Z1~LQ|HE|N362~CLP|76-2116|19|51|0|42.75|MB|2815033889110|32|1~NM1|QC|1|HARPER|OLIN|J|||HN|456603904A~NM1|82|1||||||XX|1962447805~NM1|TT|2|TX HEALTH & HUMAN SERVICES COMMI|||||PI|70051~MOA|||MA01|MA07~DTM|050|20150202~SVC|HC^99307|51|0||1~DTM|472|20150121~CAS|CO|45|8.25~CAS|PR|1|42.75~REF|LU|32~REF|6R|1360885948Z1~AMT|B6|42.75~CLP|327-1874|19|51|0|42.75|MB|2815033888190|31|1~NM1|QC|1|HYDE|MARY|E|||HN|441036732D~NM1|82|1||||||XX|1962447805~NM1|TT|2|WPS - TRICARE FOR LIFE|||||PI|60000~MOA|||MA01|MA18~DTM|050|20150202~SVC|HC^99307|51|0||1~DTM|472|20150104~CAS|CO|45|8.25~CAS|PR|1|42.75~REF|LU|31~REF|6R|1360869850Z1~AMT|B6|42.75~CLP|18-2113|19|51|0|42.75|MB|2815033889080|32|1~NM1|QC|1|PONCE|RAYMOND||||HN|562659571A~NM1|82|1||||||XX|1962447805~NM1|TT|2|TX HEALTH & HUMAN SERVICES COMMI|||||PI|70051~MOA|||MA01|MA07~DTM|050|20150202~SVC|HC^99307|51|0||1~DTM|472|20150121~CAS|CO|45|8.25~CAS|PR|1|42.75~REF|LU|32~REF|6R|1360885945Z1~AMT|B6|42.75~SE|100|0001~GE|1|532~IEA|1|000000537~