ISA|00|          |00|          |ZZ|ZIRMED         |30|611340767      |151027|1025|U|00401|000001477|0|P|^~GS|HP|ZIRMED|611340767|20151027|1025|1472|X|004010X091A1~ST|835|0001~BPR|I|121.15|C|ACH|CCP|01|011900445|DA|0000009046|1066033492||01|111000025|DA|488038453432|20151030~TRN|1|815299580003079|1066033492~REF|EV|611340767~DTM|405|20151027~N1|PR|AETNA~N3|151 FARMINGTON AVENUE~N4|HARTFORD|CT|06156~N1|PE|KETHA, SUMANA|XX|1063835361~N3|2925 SKYWAY CIR N~N4|IRVING|TX|750383510~REF|PQ|762610840~REF|TJ|464596718~LX|1~TS3|1063835361|11|20151231|1|130~CLP|608-4009|1|130|121.15||13|E6Y0PCBXN0000|11|1~NM1|QC|1|BUCK|ANGELA||||MI|W142893066~NM1|74|1||JACK~NM1|82|1|KETHA|SUMANA||||XX|1063835361~REF|1L|0818912-033-00551-XC~REF|CE|AEXCEL  PLUS AETNA CHOICE  POS II NET 00338~DTM|232|20151005~DTM|233|20151005~DTM|050|20151016~PER|CX||TE|8886323862~AMT|AU|130~SVC|HC^99214|130|121.15||1~DTM|472|20151005~CAS|CO|45|8.85~REF|6R|1580291268Z1~AMT|B6|121.15~SE|32|0001~ST|835|0002~BPR|I|172.79|C|ACH|CCP|01|031100209|DA|0000009108|1066033492||01|111000025|DA|488038453432|20151030~TRN|1|815299580003080|1066033492~REF|EV|611340767~DTM|405|20151027~N1|PR|AETNA~N3|151 FARMINGTON AVENUE~N4|HARTFORD|CT|06156~N1|PE|KETHA, SUMANA|XX|1063835361~N3|2925 SKYWAY CIR N~N4|IRVING|TX|750383510~REF|PQ|762610840~REF|TJ|464596718~LX|1~TS3|1063835361|11|20151231|1|215~CLP|5052-4005|1|215|172.79|5|13|E7ABN9STS0000|11|1~NM1|QC|1|MOHAMED|SAWSAN||||MI|W204469989~NM1|74|1|ELBASHEER|OMER|A~NM1|82|1|KETHA|SUMANA||||XX|1063835361~REF|1L|0618631-010-00701-EA~REF|CE|AETNA OPEN ACCESS  MANAGED CHOICE NET 00338~DTM|232|20151005~DTM|233|20151005~DTM|050|20151016~PER|CX||TE|8886323862~AMT|AU|215~SVC|HC^99214^25|130|116.15||1~DTM|472|20151005~CAS|CO|45|8.85~CAS|PR|3|5~REF|6R|1580298816Z1~AMT|B6|121.15~SVC|HC^96372|29|27.33||1~DTM|472|20151005~CAS|CO|45|1.67~REF|6R|1580298816Z4~AMT|B6|27.33~SVC|HC^90654|23|19.51||1~DTM|472|20151005~CAS|CO|45|3.49~REF|6R|1580298816Z2~AMT|B6|19.51~SVC|HC^90471|33|9.8||1~DTM|472|20151005~CAS|CO|45|23.2~REF|6R|1580298816Z3~AMT|B6|9.8~SE|48|0002~GE|2|1472~IEA|1|000001477~