ISA|00|          |00|          |ZZ|ZIRMED         |29|E12705         |150630|0330|U|00401|000001103|0|P|^~GS|HP|ZIRMED|E12705|20150630|0330|1098|X|004010X091A1~ST|835|0001~BPR|H|0|C|NON||||||||||||20150630~TRN|1|459404101|1205296137~REF|EV|E12705~DTM|405|20150629~N1|PR|NOVITAS SOLUTIONS, INC.~N3|PO BOX 3110~N4|MECHANICSBURG|PA|170551826~REF|2U|04412~PER|CX||TE|8552528782~N1|PE|DFW GERIATRICS PLLC|XX|1063835361~N3|2925 SKYWAY CIRCLE NORTH~N4|IRVING|TX|750383510~REF|TJ|464596718~LX|1~CLP|312-2616|1|130|0||MB|2815177808770|11|1~NM1|QC|1|MITCHELL|REBECCA||||HN|562745087A~NM1|82|1||||||XX|1679978068~MOA|||MA01~DTM|050|20150626~SVC|HC^99214|130|0||||1~DTM|472|20150302~CAS|OA|18|130~REF|6R|1484599132Z1~REF|LU|11~LQ|HE|N522~SE|27|0001~ST|835|0002~BPR|I|1672.27|C|ACH|CCP|01|081517693|DA|152302017594|1205296137||01|111000025|DA|488038453432|20150630~TRN|1|890472590|1205296137~REF|EV|E12705~DTM|405|20150629~N1|PR|NOVITAS SOLUTIONS, INC.~N3|PO BOX 3110~N4|MECHANICSBURG|PA|170551826~REF|2U|04412~PER|CX||TE|8552528782~N1|PE|DFW GERIATRICS PLLC|XX|1063835361~N3|2925 SKYWAY CIRCLE NORTH~N4|IRVING|TX|750383510~REF|TJ|464596718~LX|1~CLP|420-2998|19|174|97.88|24.97|MB|2815167735770|11|1~NM1|QC|1|AGANON|ASTERIO||||HN|630768999A~NM1|82|1||||||XX|1679978068~NM1|TT|2|ASSURED LIFE ASSOCIATION|||||PI|30281~MOA|||MA01|MA18~DTM|050|20150616~SVC|HC^99215|174|97.88||1~DTM|472|20150508~CAS|CO|45|49.15||253|2~CAS|PR|2|24.97~REF|6R|1475706957Z1~REF|LU|11~AMT|B6|124.85~CLP|342-2989|19|130|81.14|20.7|MB|2815167735890|11|1~NM1|QC|1|ALLEN|THOMAS||||HN|453825428A~NM1|82|1||||||XX|1962447805~NM1|TT|2|TX HEALTH & HUMAN SERVICES COMMI|||||PI|70051~MOA|||MA01|MA07~DTM|050|20150616~SVC|HC^99214|130|81.14||1~DTM|472|20150611~CAS|CO|45|26.5||253|1.66~CAS|PR|2|20.7~REF|6R|1475879938Z1~REF|LU|11~AMT|B6|103.5~CLP|319-2976|1|130|72.61|18.52|MB|2815167735810|11|1~NM1|QC|1|CORTEZ|EDWARD||||HN|449473304A~NM1|82|1||||||XX|1679978068~MOA|||MA01~DTM|050|20150616~SVC|HC^99214|130|72.61||1~DTM|472|20150605~CAS|CO|45|37.39||253|1.48~CAS|PR|2|18.52~REF|6R|1475879922Z1~REF|LU|11~AMT|B6|92.61~CLP|344-3006|19|130|80.83|20.62|MB|2815167735950|11|1~NM1|QC|1|EVERITT|LEON||||HN|451866415A~NM1|82|1||||||XX|1962447805~NM1|TT|2|TX HEALTH & HUMAN SERVICES COMMI|||||PI|70051~MOA|||MA01|MA07~DTM|050|20150616~SVC|HC^99214|130|80.83||1~DTM|472|20141229~CAS|CO|45|26.9||253|1.65~CAS|PR|2|20.62~REF|6R|1475887447Z1~REF|LU|11~AMT|B6|103.1~CLP|403-3002|1|130|72.32|18.45|MB|2815167735920|11|1~NM1|QC|1|GOFF|YOLANDA||||HN|559256714A~NM1|82|1||||||XX|1679978068~MOA|||MA01~DTM|050|20150616~SVC|HC^99214|130|72.32||1~DTM|472|20141223~CAS|CO|45|37.75||253|1.48~CAS|PR|2|18.45~REF|6R|1475887444Z1~REF|LU|11~AMT|B6|92.25~CLP|380-3003|19|130|72.32|18.45|MB|2815167735910|11|1~NM1|QC|1|HAYNES|WILLIAM||||HN|455726510A~NM1|82|1||||||XX|1679978068~NM1|TT|2|TX HEALTH & HUMAN SERVICES COMMI|||||PI|70051~MOA|||MA01|MA07~DTM|050|20150616~SVC|HC^99214|130|72.32||1~DTM|472|20141223~CAS|CO|45|37.75||253|1.48~CAS|PR|2|18.45~REF|6R|1475887443Z1~REF|LU|11~AMT|B6|92.25~CLP|380-3008|19|130|80.83|20.62|MB|2815167735970|11|1~NM1|QC|1|HAYNES|WILLIAM||||HN|455726510A~NM1|82|1||||||XX|1962447805~NM1|TT|2|TX HEALTH & HUMAN SERVICES COMMI|||||PI|70051~MOA|||MA01|MA07~DTM|050|20150616~SVC|HC^99214|130|80.83||1~DTM|472|20141223~CAS|CO|45|26.9||253|1.65~CAS|PR|2|20.62~REF|6R|1475887449Z1~REF|LU|11~AMT|B6|103.1~CLP|5393-3004|1|130|72.32|18.45|MB|2815167735930|11|1~NM1|QC|1|HUDGINS|MILES||||HN|524344555A~NM1|82|1||||||XX|1679978068~MOA|||MA01~DTM|050|20150616~SVC|HC^99214|130|72.32||1~DTM|472|20141223~CAS|CO|45|37.75||253|1.48~CAS|PR|2|18.45~REF|6R|1475887445Z1~REF|LU|11~AMT|B6|92.25~CLP|408-3010|19|130|81.14|20.7|MB|2815167735740|11|1~NM1|QC|1|JOHNSON|LINDA||||HN|467634822M~NM1|82|1||||||XX|1962447805~NM1|TT|2|TX HEALTH & HUMAN SERVICES COMMI|||||PI|70051~MOA|||MA01|MA07~DTM|050|20150616~SVC|HC^99214|130|81.14||1~DTM|472|20150428~CAS|CO|45|26.5||253|1.66~CAS|PR|2|20.7~REF|6R|1475700493Z1~REF|LU|11~AMT|B6|103.5~CLP|307-2986|19|130|72.61|18.52|MB|2815167735880|11|1~NM1|QC|1|NEAL|CHESTER||||HN|441625131A~NM1|82|1||||||XX|1679978068~NM1|TT|2|TX HEALTH & HUMAN SERVICES COMMI|||||PI|70051~MOA|||MA01|MA07~DTM|050|20150616~SVC|HC^99214|130|72.61||1~DTM|472|20150608~CAS|CO|45|37.39||253|1.48~CAS|PR|2|18.52~REF|6R|1475879934Z1~REF|LU|11~AMT|B6|92.61~CLP|314-2999|1|130|72.61|18.52|MB|2815167735780|11|1~NM1|QC|1|PALMER|LARRY||||HN|382562993A~NM1|82|1||||||XX|1679978068~MOA|||MA01~DTM|050|20150616~SVC|HC^99214|130|72.61||1~DTM|472|20150508~CAS|CO|45|37.39||253|1.48~CAS|PR|2|18.52~REF|6R|1475706960Z1~REF|LU|11~AMT|B6|92.61~CLP|314-2972|1|88|48.91|12.48|MB|2815167735790|11|1~NM1|QC|1|PALMER|LARRY||||HN|382562993A~NM1|82|1||||||XX|1679978068~MOA|||MA01~DTM|050|20150616~SVC|HC^99213|88|48.91||1~DTM|472|20150605~CAS|CO|45|25.61||253|1~CAS|PR|2|12.48~REF|6R|1475879916Z1~REF|LU|11~AMT|B6|62.39~CLP|314-2979|1|24|15.03|3.83|MB|2815167735840|11|1~NM1|QC|1|PALMER|LARRY||||HN|382562993A~NM1|82|1||||||XX|1962447805~MOA|||MA01~DTM|050|20150616~SVC|HC^99211|24|15.03||1~DTM|472|20150608~CAS|CO|45|4.83||253|.31~CAS|PR|2|3.83~REF|6R|1475879926Z1~REF|LU|11~AMT|B6|19.17~CLP|314-3007|1|53|32.76|8.36|MB|2815167735960|11|1~NM1|QC|1|PALMER|LARRY||||HN|382562993A~NM1|82|1||||||XX|1962447805~MOA|||MA01~DTM|050|20150616~SVC|HC^99212|53|32.76||1~DTM|472|20141229~CAS|CO|45|11.21||253|.67~CAS|PR|2|8.36~REF|6R|1475887448Z1~REF|LU|11~AMT|B6|41.79~CLP|6050-2977|1|382|72.61|18.52|MB|2815167735820|11|1~NM1|QC|1|PEREZ|VINCENTE||||HN|377543841A~NM1|82|1||||||XX|1679978068~MOA|||MA01~DTM|050|20150616~SVC|HC^99214^25|130|72.61||1~DTM|472|20150605~CAS|CO|45|37.39||253|1.48~CAS|PR|2|18.52~REF|6R|1475879924Z1~REF|LU|11~AMT|B6|92.61~SVC|HC^95923|252|0||||1~DTM|472|20150605~CAS|CO|170|252~REF|6R|1475879924Z2~REF|LU|11~CLP|352-3005|1|88|49.01|12.5|MB|2815167735940|11|1~NM1|QC|1|RAYMOND|JAMES||||HN|565788029A~NM1|82|1||||||XX|1679978068~MOA|||MA01~DTM|050|20150616~SVC|HC^99213|88|49.01||1~DTM|472|20141223~CAS|CO|45|25.49||253|1~CAS|PR|2|12.5~REF|6R|1475887446Z1~REF|LU|11~AMT|B6|62.51~CLP|269-2995|19|130|72.61|18.52|MB|2815167735760|11|1~NM1|QC|1|SIMON|CANDI||||HN|449651029A~NM1|82|1||||||XX|1679978068~NM1|TT|2|TX HEALTH & HUMAN SERVICES COMMI|||||PI|70051~MOA|||MA01|MA07~DTM|050|20150616~SVC|HC^99214|130|72.61||1~DTM|472|20150508~CAS|CO|45|37.39||253|1.48~CAS|PR|2|18.52~REF|6R|1475706955Z1~REF|LU|11~AMT|B6|92.61~CLP|269-2983|19|130|72.61|18.52|MB|2815167735850|11|1~NM1|QC|1|SIMON|CANDI||||HN|449651029A~NM1|82|1||||||XX|1679978068~NM1|TT|2|TX HEALTH & HUMAN SERVICES COMMI|||||PI|70051~MOA|||MA01|MA07~DTM|050|20150616~SVC|HC^99214|130|72.61||1~DTM|472|20150608~CAS|CO|45|37.39||253|1.48~CAS|PR|2|18.52~REF|6R|1475879930Z1~REF|LU|11~AMT|B6|92.61~CLP|382-3012|1|130|81.14|20.7|MB|2815167735750|11|1~NM1|QC|1|TODD|LANA||||HN|449755855A~NM1|82|1||||||XX|1962447805~MOA|||MA01~DTM|050|20150616~SVC|HC^99214|130|81.14||1~DTM|472|20150428~CAS|CO|45|26.5||253|1.66~CAS|PR|2|20.7~REF|6R|1475700495Z1~REF|LU|11~AMT|B6|103.5~CLP|382-3001|1|130|72.32|18.45|MB|2815167735900|11|1~NM1|QC|1|TODD|LANA||||HN|449755855A~NM1|82|1||||||XX|1679978068~MOA|||MA01~DTM|050|20150616~SVC|HC^99214|130|72.32||1~DTM|472|20141223~CAS|CO|45|37.75||253|1.48~CAS|PR|2|18.45~REF|6R|1475887442Z1~REF|LU|11~AMT|B6|92.25~CLP|418-2985|1|130|72.61|18.52|MB|2815167735860|11|1~NM1|QC|1|TODD|MICHAEL|S|||HN|466453707A~NM1|82|1||||||XX|1679978068~MOA|||MA01~DTM|050|20150616~SVC|HC^99214|130|72.61||1~DTM|472|20150608~CAS|CO|45|37.39||253|1.48~CAS|PR|2|18.52~REF|6R|1475879932Z1~REF|LU|11~AMT|B6|92.61~CLP|317-2978|19|130|72.61|18.52|MB|2815167735830|11|1~NM1|QC|1|TWILLEY|EDWARD||||HN|458213375A~NM1|82|1||||||XX|1679978068~NM1|TT|2|TX HEALTH & HUMAN SERVICES COMMI|||||PI|70051~MOA|||MA01|MA07~DTM|050|20150616~SVC|HC^99214|130|72.61||1~DTM|472|20150605~CAS|CO|45|37.39||253|1.48~CAS|PR|2|18.52~REF|6R|1475879925Z1~REF|LU|11~AMT|B6|92.61~CLP|320-2984|1|130|72.61|18.52|MB|2815167735870|11|1~NM1|QC|1|VILLALPANDO|DIANA||||HN|457412151A~NM1|82|1||||||XX|1679978068~MOA|||MA01~DTM|050|20150616~SVC|HC^99214|130|72.61||1~DTM|472|20150608~CAS|CO|45|37.39||253|1.48~CAS|PR|2|18.52~REF|6R|1475879933Z1~REF|LU|11~AMT|B6|92.61~CLP|911-3009|1|130|80.83|20.62|MB|2815167735980|11|1~NM1|QC|1|WILEY|TERRY||||HN|331600956A~NM1|82|1||||||XX|1962447805~MOA|||MA01~DTM|050|20150616~SVC|HC^99214|130|80.83||1~DTM|472|20141229~CAS|CO|45|26.9||253|1.65~CAS|PR|2|20.62~REF|6R|1475887450Z1~REF|LU|11~AMT|B6|103.1~SE|319|0002~GE|2|1098~IEA|1|000001103~