ISA|00|          |00|          |ZZ|ZIRMED         |29|E12705         |151117|0524|U|00401|000001559|0|P|^~GS|HP|ZIRMED|E12705|20151117|0524|1554|X|004010X091A1~ST|835|0001~BPR|H|0|C|NON||||||||||||20151117~TRN|1|460040827|1205296137~REF|EV|E12705~DTM|405|20151116~N1|PR|NOVITAS SOLUTIONS, INC.~N3|PO BOX 3110~N4|MECHANICSBURG|PA|170551826~REF|2U|04412~PER|CX||TE|8552528782~N1|PE|DFW GERIATRICS PLLC|XX|1063835361~N3|2925 SKYWAY CIRCLE NORTH~N4|IRVING|TX|750383510~REF|TJ|464596718~LX|1~CLP|6066-3436|1|114|0||MB|2815308398420|11|1~NM1|QC|1|MIMS|BRENDA||||HN|466723871A~NM1|82|1||||||XX|1962447805~MOA|||MA01|N90|MA15~DTM|050|20151104~SVC|HC^95921|110|0||||1~DTM|472|20150620~CAS|CO|B9|110~REF|6R|1596620722Z2~REF|LU|11~LQ|HE|N90~SVC|HC^94760|4|0||||1~DTM|472|20150620~CAS|CO|50|4~REF|6R|1596620722Z3~REF|LU|11~LQ|HE|M25~LQ|HE|N115~SE|34|0001~ST|835|0002~BPR|I|955.16|C|ACH|CCP|01|081517693|DA|152302017594|1205296137||01|111000025|DA|488038453432|20151117~TRN|1|891670202|1205296137~REF|EV|E12705~DTM|405|20151116~N1|PR|NOVITAS SOLUTIONS, INC.~N3|PO BOX 3110~N4|MECHANICSBURG|PA|170551826~REF|2U|04412~PER|CX||TE|8552528782~N1|PE|DFW GERIATRICS PLLC|XX|1063835361~N3|2925 SKYWAY CIRCLE NORTH~N4|IRVING|TX|750383510~REF|TJ|464596718~LX|1~CLP|390-2907|19|492|292.54|74.62|MB|2815307660060|11|1~NM1|QC|1|ANDREWS|EDWARD||||HN|459842820A~NM1|82|1||||||XX|1962447805~NM1|TT|2|TX HEALTH & HUMAN SERVICES COMMI|||||PI|70051~MOA|||MA01|MA07~DTM|050|20151103~SVC|HC^99214^25|130|81.14||1~DTM|472|20150515~CAS|CO|45|26.5||253|1.66~CAS|PR|2|20.7~REF|6R|1595312546Z1~REF|LU|11~AMT|B6|103.5~SVC|HC^95923|252|145.06||1~DTM|472|20150515~CAS|CO|45|66.98||253|2.96~CAS|PR|2|37~REF|6R|1595312546Z2~REF|LU|11~AMT|B6|185.02~SVC|HC^95921|110|66.34||1~DTM|472|20150515~CAS|CO|45|25.39||253|1.35~CAS|PR|2|16.92~REF|6R|1595312546Z3~REF|LU|11~AMT|B6|84.61~CLP|417-2909|19|174|109.4|27.91|MB|2815307660080|11|1~NM1|QC|1|MACDONALD|JOHN||||HN|461941697A~NM1|82|1||||||XX|1962447805~NM1|TT|2|UMR|||||PI|00192~MOA|||MA01|MA15|MA18~DTM|050|20151103~SVC|HC^99215^25|174|109.4||1~DTM|472|20150515~CAS|CO|45|34.46||253|2.23~CAS|PR|2|27.91~REF|6R|1595346198Z1~REF|LU|11~AMT|B6|139.54~CLP|312-2287|1|130|81.14|20.7|MB|2815307660030|11|1~NM1|QC|1|MITCHELL|REBECCA||||HN|562745087A~NM1|82|1||||||XX|1962447805~MOA|||MA01~DTM|050|20151103~SVC|HC^99214|130|81.14||1~DTM|472|20150123~CAS|CO|45|26.5||253|1.66~CAS|PR|2|20.7~REF|6R|1595309735Z1~REF|LU|11~AMT|B6|103.5~CLP|306-2913|19|130|72.61|18.52|MB|2815307660110|11|1~NM1|QC|1|MURDOCK|SAMMI||||HN|467692813A~NM1|82|1||||||XX|1679978068~NM1|TT|2|TX HEALTH & HUMAN SERVICES COMMI|||||PI|70051~MOA|||MA01|MA07~DTM|050|20151103~SVC|HC^99214|130|72.61||1~DTM|472|20150515~CAS|CO|45|37.39||253|1.48~CAS|PR|2|18.52~REF|6R|1595352458Z1~REF|LU|11~AMT|B6|92.61~CLP|314-3748|1|28|15.11|3.85|MB|2815307660010|11|1~NM1|QC|1|PALMER|LARRY||||HN|382562993A~NM1|82|1||||||XX|1962447805~MOA|||MA01~DTM|050|20151103~SVC|HC^99211^25|24|15.11||1~DTM|472|20150828~CAS|CO|45|4.73||253|.31~CAS|PR|2|3.85~REF|6R|1595307125Z1~REF|LU|11~AMT|B6|19.27~SVC|HC^94760|4|0||||1~DTM|472|20150828~CAS|CO|50|4~REF|6R|1595307125Z2~REF|LU|11~LQ|HE|M25~LQ|HE|N115~CLP|315-2915|19|130|81.14|20.7|MB|2815307660140|11|1~NM1|QC|1|PATTILLO|CATHY||||HN|458297430A~NM1|82|1||||||XX|1962447805~NM1|TT|2|TX HEALTH & HUMAN SERVICES COMMI|||||PI|70051~MOA|||MA01|MA07~DTM|050|20151103~SVC|HC^99214|130|81.14||1~DTM|472|20150518~CAS|CO|45|26.5||253|1.66~CAS|PR|2|20.7~REF|6R|1595358575Z1~REF|LU|11~AMT|B6|103.5~CLP|315-3314|19|195.35|81.14|20.7|MB|2815307660170|11|1~NM1|QC|1|PATTILLO|CATHY||||HN|458297430A~NM1|82|1||||||XX|1962447805~NM1|TT|2|TX HEALTH & HUMAN SERVICES COMMI|||||PI|70051~MOA|||MA01|MA07~DTM|050|20151103~SVC|HC^99214|195.35|81.14||1~DTM|472|20150216~CAS|CO|45|91.85||253|1.66~CAS|PR|2|20.7~REF|6R|1595358576Z1~REF|LU|11~AMT|B6|103.5~CLP|269-2743|19|584|222.08|56.64|MB|2815307659980|11|1~NM1|QC|1|SIMON|CANDI||||HN|449651029A~NM1|82|1||||||XX|1962447805~NM1|TT|2|TX HEALTH & HUMAN SERVICES COMMI|||||PI|70051~MOA|||MA01|MA07~DTM|050|20151103~SVC|HC^99204^25|200|0||||1~DTM|472|20150409~CAS|CO|B16|200~REF|6R|1595303522Z1~REF|LU|11~LQ|HE|M13~SVC|HC^94760|4|0||||1~DTM|472|20150409~CAS|CO|50|4~REF|6R|1595303522Z2~REF|LU|11~LQ|HE|M25~LQ|HE|N115~SVC|HC^95921|110|66.34||1~DTM|472|20150409~CAS|CO|45|25.39||253|1.35~CAS|PR|2|16.92~REF|6R|1595303522Z3~REF|LU|11~AMT|B6|84.61~SVC|HC^95923|252|145.06||1~DTM|472|20150409~CAS|CO|45|66.98||253|2.96~CAS|PR|2|37~REF|6R|1595303522Z4~REF|LU|11~AMT|B6|185.02~SVC|HC^99406|18|10.68||1~DTM|472|20150409~CAS|CO|45|4.38||253|.22~CAS|PR|2|2.72~REF|6R|1595303522Z5~REF|LU|11~AMT|B6|13.62~SE|166|0002~GE|2|1554~IEA|1|000001559~