ISA|00|          |00|          |ZZ|ZIRMED         |29|E12705         |150829|0500|U|00401|000001276|0|P|^~GS|HP|ZIRMED|E12705|20150829|0500|1271|X|004010X091A1~ST|835|0001~BPR|H|0|C|NON||||||||||||20150831~TRN|1|459675168|1205296137~REF|EV|E12705~DTM|405|20150828~N1|PR|NOVITAS SOLUTIONS, INC.~N3|PO BOX 3110~N4|MECHANICSBURG|PA|170551826~REF|2U|04412~PER|CX||TE|8552528782~N1|PE|DFW GERIATRICS PLLC|XX|1063835361~N3|2925 SKYWAY CIRCLE NORTH~N4|IRVING|TX|750383510~REF|TJ|464596718~LX|1~CLP|319-3680|1|4|0||MB|2815239730922|11|1~NM1|QC|1|CORTEZ|EDWARD||||HN|449473304A~NM1|82|1||||||XX|1679978068~MOA|||MA130|MA15~DTM|050|20150827~SVC|HC^94760|4|0||||1~DTM|472|20150825~CAS|CO|16|4~REF|6R|1538315676Z2~REF|LU|11~LQ|HE|MA130~LQ|HE|N265~LQ|HE|N276~LQ|HE|N286~SE|30|0001~ST|835|0002~BPR|I|211.4|C|ACH|CCP|01|081517693|DA|152302017594|1205296137||01|111000025|DA|488038453432|20150831~TRN|1|890872588|1205296137~REF|EV|E12705~DTM|405|20150828~N1|PR|NOVITAS SOLUTIONS, INC.~N3|PO BOX 3110~N4|MECHANICSBURG|PA|170551826~REF|2U|04412~PER|CX||TE|8552528782~N1|PE|DFW GERIATRICS PLLC|XX|1063835361~N3|2925 SKYWAY CIRCLE NORTH~N4|IRVING|TX|750383510~REF|TJ|464596718~LX|1~CLP|3457-2912|1|492|211.4|53.92|MB|2815222618880|11|1~NM1|QC|1|STEVENSON|RANDY||||HN|457845417C2~NM1|82|1||||||XX|1962447805~MOA|||MA01~DTM|050|20150810~SVC|HC^99214^25|130|0||||1~DTM|472|20150515~CAS|OA|18|130~REF|6R|1521421595Z1~REF|LU|11~LQ|HE|N522~SVC|HC^95923|252|145.06||1~DTM|472|20150515~CAS|CO|45|66.98||253|2.96~CAS|PR|2|37~REF|6R|1521421595Z2~REF|LU|11~AMT|B6|185.02~SVC|HC^95921|110|66.34||1~DTM|472|20150515~CAS|CO|45|25.39||253|1.35~CAS|PR|2|16.92~REF|6R|1521421595Z3~REF|LU|11~AMT|B6|84.61~SE|41|0002~GE|2|1271~IEA|1|000001276~