ISA|00|          |00|          |ZZ|ZIRMED         |ZZ|11             |150923|0711|U|00401|000001389|0|P|^~GS|HP|ZIRMED|FIS123456789|20150923|0711|1384|X|004010X091A1~ST|835|0001~BPR|I|157.84|C|ACH|CCP|01|092904554|DA|150097034071|1201494502||01|111000025|DA|488038453432|20150922~TRN|1|EFT2831599|1201494502~REF|EV|FIS123456789~REF|F2|TXMC QNXT~DTM|405|20150921~N1|PR|MOLINA HEALTHCARE OF TEXAS, INC~N3|2505 N. STATE HIGHWAY 360|STE 300~N4|GRAND PRAIRIE|TX|75050~N1|PE|DFW PRIMARY CARE PLLC|XX|1063835361~N3|2925 SKYWAY CICLE NORTH~N4|IRVING|TX|750383510~REF|TJ|464596718~LX|1~CLP|347-3859|1|219|120.33|57.05|HM|15260894149~NM1|QC|1|SOTO|JOSE||||MI|500000037321~NM1|82|1|KETHA|SUMANA||||XX|1962447805~REF|CE|QMXBP8141~DTM|232|20150914~DTM|233|20150914~DTM|050|20150917~AMT|AU|161.95~SVC|HC^99214^25|130|56.43||1~DTM|472|20150914~CAS|CO|131|1.15||45|20.51~CAS|PR|1|37.51||2|14.4~REF|6R|1554584653Z1~AMT|B6|109.49~SVC|HC^90654|23|18.54||1~DTM|472|20150914~CAS|CO|131|.38||45|4.08~REF|6R|1554584653Z2~AMT|B6|18.92~SVC|HC^90471|33|25.2||1~DTM|472|20150914~CAS|CO|131|.51||45|7.29~REF|6R|1554584653Z3~AMT|B6|25.71~SVC|HC^94760|4|0||1~DTM|472|20150914~CAS|CO|97|4~REF|6R|1554584653Z4~SVC|HC^96372|29|20.16||1~DTM|472|20150914~CAS|CO|131|.41||45|3.29~CAS|PR|2|5.14~REF|6R|1554584653Z5~AMT|B6|25.71~CLP|347-3859|2|219|37.51||MC|15260894149M~NM1|QC|1|SOTO|JOSE||||MI|500000037321~NM1|74|1||||||C|528734830~NM1|82|1|KETHA|SUMANA||||XX|1962447805~REF|CE|QMXBP8137~DTM|232|20150914~DTM|233|20150914~DTM|050|20150918~AMT|AU|159~SVC|HC^99214^25|130|37.51||1~DTM|472|20150914~CAS|CO|45|36.06~CAS|OA|23|56.43~REF|6R|1554584653Z1~AMT|B6|46.73~SVC|HC^90654|23|0||1~DTM|472|20150914~CAS|CO|45|4.46~CAS|OA|23|18.54~REF|6R|1554584653Z2~SVC|HC^90471|33|0||1~DTM|472|20150914~CAS|CO|45|7.8~CAS|OA|23|25.2~REF|6R|1554584653Z3~SVC|HC^94760|4|0||1~DTM|472|20150914~CAS|CO|45|4~REF|6R|1554584653Z4~SVC|HC^96372|29|0||1~DTM|472|20150914~CAS|CO|45|8.84~CAS|OA|23|20.16~REF|6R|1554584653Z5~AMT|B6|18.98~SE|84|0001~GE|1|1384~IEA|1|000001389~