ISA|00|          |00|          |ZZ|ZIRMED         |ZZ|PAYER          |151020|1152|U|00401|000001460|0|P|^~GS|HP|ZIRMED|PROVIDERHIS|20151020|1152|1455|X|004010X091A1~ST|835|0001~BPR|I|102.8|C|ACH|CCP|01|071000505|DA|5800366444|1742770542||01|111000025|DA|488038453432|20151020~TRN|1|0901576395|1742770542~REF|EV|999999999999999~DTM|405|20151020~N1|PR|SUPERIOR HEALTH PLAN~N3|6070 GATEWAY EAST|SUITE 400~N4|EL PASO|TX|79905~N1|PE|DFW GERIATRICS PLLC|XX|1063835361~N3|2925 SKWY CIR N~N4|IRVING|TX|75038~REF|TJ|464596718~LX|1~CLP|6046-3955|1|134|51.4||HM|O287TXE15880|11|E~NM1|QC|1|CHAVEZ|CATHERINE||||MR|506194931~NM1|IL|1|CHAVEZ|CATHERINE||||MI|00251050401~NM1|82|1|KETHA|SUMANA||||XX|1962447805~REF|EA|000000048778~REF|G2|168813~SVC|HC^99214^25|130|51.4||1~DTM|472|20151008~CAS|CO|45|78.6~REF|6R|1578043757Z1~REF|HPI|1962447805~AMT|B6|51.4~SVC|HC^94760|4|0||1~DTM|472|20151008~CAS|CO|97|4~REF|6R|1578043757Z2~REF|HPI|1962447805~AMT|B6|2.65~LQ|HE|N525~LX|2~CLP|1504-4003|1|130|51.4||HM|O289TXE33364|11|E~NM1|QC|1|VAN|NICHOLAS||||MR|503002967~NM1|IL|1|VAN|NICHOLAS||||MI|00184103401~NM1|82|1|KETHA|SUMANA||||XX|1962447805~REF|EA|000000048779~REF|G2|168813~SVC|HC^99214|130|51.4||1~DTM|472|20151013~CAS|CO|45|78.6~REF|6R|1580292474Z1~REF|HPI|1962447805~AMT|B6|51.4~SE|46|0001~GE|1|1455~IEA|1|000001460~