ISA|00|          |00|          |ZZ|ZIRMED         |ZZ|AV09311993     |150930|2025|U|00401|000001415|0|P|^~GS|HP|ZIRMED|AV01101957|20150930|2025|1410|X|004010X091A1~ST|835|0001~BPR|H|0|C|NON||||||||||||20150929~TRN|1|C15272N16114760|1361236610|CP20150929N161147600~REF|EV|TX8355010~DTM|405|20150929~N1|PR|BLUECROSS BLUESHIELD OF TEXAS~N3|P O BOX 660044~N4|DALLAS|TX|752660044~REF|2U|G84980~N1|PE|DFW GERIATRICS PLLC|XX|1063835361~N3|2925 SKYWAY CIR N~N4|IRVING|TX|750383510~REF|TJ|464596718~LX|1~CLP|720-3787|2|510|0|77.34|15|020152685756L250X00|11|1~NM1|QC|1|RHODES|JIMMY|E|||MI|ZGM860781785~NM1|82|1|KETHA|SUMANA||||XX|1962447805~REF|1L|0000TX2140000~REF|CE|MEDICARE CROSSOVER CLAIM~DTM|232|20150609~DTM|233|20150609~DTM|050|20150925~SVC|HC^99214^25|130|0||1~DTM|472|20150609~CAS|PR|27|130~REF|6R|1547806238Z1~LQ|HE|N30~SVC|HC^95923|252|0||1~DTM|472|20150609~CAS|PR|27|252~REF|6R|1547806238Z2~LQ|HE|N30~SVC|HC^95921|110|0||1~DTM|472|20150609~CAS|PR|27|110~REF|6R|1547806238Z3~LQ|HE|N30~SVC|HC^99406|18|0||1~DTM|472|20150609~CAS|PR|27|18~REF|6R|1547806238Z4~LQ|HE|N30~SE|43|0001~GE|1|1410~IEA|1|000001415~