ISA|00|          |00|          |ZZ|ZIRMED         |30|611340767      |150804|0850|U|00401|000001206|0|P|^~GS|HP|ZIRMED|611340767|20150804|0850|1201|X|004010X091A1~ST|835|0001~BPR|I|138.37|C|ACH|CCP|01|011900445|DA|0000009046|1066033492||01|111000025|DA|488038453432|20150807~TRN|1|815215530004043|1066033492~REF|EV|611340767~DTM|405|20150804~N1|PR|AETNA~N3|151 FARMINGTON AVENUE~N4|HARTFORD|CT|06156~N1|PE|KETHA, SUMANA|XX|1063835361~N3|2925 SKYWAY CIR N~N4|IRVING|TX|750383510~REF|PQ|762610840~REF|TJ|464596718~LX|1~TS3|1063835361|11|20151231|2|259~CLP|1969-3517|1|155|124.37||13|ECJLNS8BP0000|11|1~NM1|QC|1|PIYA|SABITA||||MI|W206392657~NM1|82|1|KETHA|SUMANA||||XX|1063835361~REF|1L|0865351-010-00010- A~REF|CE|AETNA CHOICE  POS II NET 00338~DTM|232|20150717~DTM|233|20150717~DTM|050|20150723~PER|CX||TE|8886323862~AMT|AU|155~SVC|HC^99396|155|124.37||1~DTM|472|20150717~CAS|CO|45|30.63~REF|6R|1507047901Z1~AMT|B6|124.37~CLP|392-2474|2|104|14|3.5|15|EQABNTVQW0000|31|1~NM1|QC|1|TRAVIS|DOLORES|A|||MI|449620738B~NM1|74|1||||||C|W093746050~NM1|82|1|KETHA|SUMANA||||XX|1063835361~REF|1L|0895980-030-00100-CI~REF|CE|TRADITIONAL CHOICE~DTM|232|20150205~DTM|233|20150205~DTM|050|20150724~PER|CX||TE|8886323862~AMT|AU|104~SVC|HC^99309|104|14||1~DTM|472|20150205~CAS|OA|23|86.5~CAS|PR|2|3.5~REF|6R|1493874071Z1~AMT|B6|86.09~LQ|HE|N192~SE|49|0001~GE|1|1201~IEA|1|000001206~