ISA|00|          |00|          |ZZ|ZIRMED         |ZZ|PAYER          |151119|1048|U|00401|000001584|0|P|^~GS|HP|ZIRMED|PROVIDERHIS|20151119|1048|1579|X|004010X091A1~ST|835|0001~BPR|I|161.85|C|ACH|CCP|01|061000104|DA|1000187147243|1742770542||01|111000025|DA|488038453432|20151119~TRN|1|0901630050|1742770542~REF|EV|999999999999999~DTM|405|20151119~N1|PR|SUPERIOR HEALTH PLAN~N3|6070 GATEWAY EAST|SUITE 400~N4|EL PASO|TX|79905~N1|PE|DFW GERIATRICS PLLC|XX|1063835361~N3|2925 SKWY CIR N~N4|IRVING|TX|75038~REF|TJ|464596718~LX|1~CLP|6140-4027|2|683|122.65||HM|O316TXE04663|11|E~NM1|QC|1|BERRY|CORDELIA||||MR|521444550~NM1|IL|1|BERRY|CORDELIA||||MI|00313079901~NM1|82|1|KETHA|SUMANA||||XX|1962447805~REF|EA|000000001323~REF|G2|168813~SVC|HC^99205^25|149|29.8||1~DTM|472|20151016~CAS|CO|45|2.38~CAS|OA|23|116.82~REF|6R|1597765632Z1~REF|HPI|1962447805~AMT|B6|146.62~LQ|HE|N420~SVC|HC^95923|252|41.11||1~DTM|472|20151016~CAS|CO|45|49.76~CAS|OA|23|161.13~REF|6R|1597765632Z2~REF|HPI|1962447805~AMT|B6|202.24~LQ|HE|N420~SVC|HC^93306|264|48.71||1~DTM|472|20151016~CAS|CO|45|24.35~CAS|OA|23|190.94~REF|6R|1597765632Z3~REF|HPI|1962447805~AMT|B6|239.65~LQ|HE|N420~SVC|HC^99406|18|3.03||1~DTM|472|20151016~CAS|CO|45|3.11~CAS|OA|23|11.86~REF|6R|1597765632Z4~REF|HPI|1962447805~AMT|B6|14.89~LQ|HE|N420~LX|2~CLP|6123-4216|2|238|39.2||HM|O316TXE06291|11|E~NM1|QC|1|HARRINGTON|SANTOARY||||MR|527686056~NM1|IL|1|HARRINGTON|SANTOARY||||MI|00185537101~NM1|82|1|KETHA|SUMANA||||XX|1962447805~REF|EA|000000001324~REF|G2|168813~SVC|HC^99205^25|149|29.8||1~DTM|472|20150914~CAS|CO|45|2.38~CAS|OA|23|116.82~REF|6R|1600937450Z1~REF|HPI|1962447805~AMT|B6|146.62~LQ|HE|N420~SVC|HC^94760|4|4||1~DTM|472|20150914~REF|6R|1600937450Z2~REF|HPI|1962447805~AMT|B6|4~LQ|HE|N420~SVC|ZZ^90654|23|0||1~DTM|472|20150914~CAS|CO|45|3.53~CAS|OA|23|19.47~REF|6R|1600937450Z3~REF|HPI|1962447805~AMT|B6|19.47~SVC|HC^90471|33|0||1~DTM|472|20150914~CAS|CO|45|6.54~CAS|OA|23|26.46~REF|6R|1600937450Z4~REF|HPI|1962447805~AMT|B6|26.46~SVC|HC^96372|29|5.4||1~DTM|472|20150914~CAS|CO|45|2.43~CAS|OA|23|21.17~REF|6R|1600937450Z5~REF|HPI|1962447805~AMT|B6|26.57~LQ|HE|N420~SE|95|0001~GE|1|1579~IEA|1|000001584~