ISA|00|          |00|          |ZZ|ZIRMED         |ZZ|611358935      |150719|2233|U|00401|000001164|0|P|^~GS|HP|ZIRMED|611358935|20150719|2233|1159|X|004010X091A1~ST|835|0001~BPR|I|96.02|C|ACH|CCP|01|002003119|DA|0040008488|1591031071||01|111000025|DA|488038453432|20150721~TRN|1|150716090031329|1591031071|62308~REF|EV|133052274~REF|F2|1~DTM|405|20150717~N1|PR|CIGNA HEALTH AND LIFE INSURANCE COMPANY~N3|P.O. BOX 182223~N4|CHATTANOOGA|TN|374227223~REF|2U|62308~N1|PE|DFW GERIATRICS PLLC|XX|1063835361~N3|2925 SKYWAY N CIR~N4|IRVING|TX|750383510~REF|TJ|464596718~LX|1~TS3|1063835361|11|20151231|1|130~CLP|5984-3450|1|130|96.02|20|13|4681519596058|11|1~NM1|QC|1|PERAMSETTY|GURUSOWNYA||||MI|U2482015901~NM1|74|1|PERAMSETTY|GURUSOWMYA||||C|U2482015901~NM1|82|1|KETHA|SUMANA|D|||XX|1962447805~REF|1L|3335613~REF|CE|OPEN ACCESS PLUS~DTM|050|20150714~DTM|232|20150707~DTM|233|20150707~PER|CX|MEMBER SERVICES|TE|8002446224~AMT|AU|116.02~AMT|F5|20~SVC|HC^99214|130|96.02||1~CAS|CO|45|13.98~CAS|PR|3|20~REF|6R|1497813134Z1~AMT|B6|116.02~SE|34|0001~GE|1|1159~IEA|1|000001164~