ISA|00|          |00|          |ZZ|ZIRMED         |29|E12705         |150424|0616|U|00401|000000839|0|P|^~GS|HP|ZIRMED|E12705|20150424|0616|834|X|004010X091A1~ST|835|0001~BPR|I|665.69|C|ACH|CCP|01|081517693|DA|152302017594|1205296137||01|111000025|DA|488038453432|20150424~TRN|1|890039706|1205296137~REF|EV|E12705~DTM|405|20150423~N1|PR|NOVITAS SOLUTIONS, INC.~N3|PO BOX 3110~N4|MECHANICSBURG|PA|170551826~REF|2U|04412~PER|CX||TE|8552528782~N1|PE|DFW GERIATRICS PLLC|XX|1063835361~N3|2925 SKYWAY CIRCLE NORTH~N4|IRVING|TX|750383510~REF|TJ|464596718~LX|1~CLP|356-2122|1|104|68.59|17.5|MB|2815100330460|32|1~NM1|QC|1|DIXON|ALICE||||HN|460600849A~NM1|82|1||||||XX|1962447805~MOA|||MA01~DTM|050|20150410~SVC|HC^99309|104|68.59||1~DTM|472|20150121~CAS|CO|45|16.51||253|1.4~CAS|PR|2|17.5~REF|LU|32~REF|6R|1419995801Z1~AMT|B6|87.49~CLP|356-2106|1|104|68.59|17.5|MB|2815100330470|32|1~NM1|QC|1|DIXON|ALICE||||HN|460600849A~NM1|82|1||||||XX|1962447805~MOA|||MA01~DTM|050|20150410~SVC|HC^99309|104|68.59||1~DTM|472|20150125~CAS|CO|45|16.51||253|1.4~CAS|PR|2|17.5~REF|LU|32~REF|6R|1419995803Z1~AMT|B6|87.49~CLP|356-2004|1|193|125.55|32.03|MB|2815100330480|32|1~NM1|QC|1|DIXON|ALICE|A|||HN|460600849A~NM1|82|1||||||XX|1962447805~MOA|||MA01~DTM|050|20150410~SVC|HC^99306|193|125.55||1~DTM|472|20150108~CAS|CO|45|32.86||253|2.56~CAS|PR|2|32.03~REF|LU|32~REF|6R|1419995812Z1~AMT|B6|160.14~CLP|286-2207|19|104|68.25|17.41|MB|2815100330430|32|1~NM1|QC|1|GERMANY|TOMMIE|L|||HN|456642617M~NM1|82|1||||||XX|1962447805~NM1|TT|2|TX HEALTH & HUMAN SERVICES COMMI|||||PI|70051~MOA|||MA01|MA07~DTM|050|20150410~SVC|HC^99309|104|68.25||1~DTM|472|20140808~CAS|CO|45|16.95||253|1.39~CAS|PR|2|17.41~REF|LU|32~REF|6R|1419993360Z1~AMT|B6|87.05~CLP|286-1293|19|104|68.25|17.41|MB|2815100330440|32|1~NM1|QC|1|GERMANY|TOMMIE|L|||HN|456642617M~NM1|82|1||||||XX|1962447805~NM1|TT|2|TX HEALTH & HUMAN SERVICES COMMI|||||PI|70051~MOA|||MA01|MA07~DTM|050|20150410~SVC|HC^99309|104|68.25||1~DTM|472|20140811~CAS|CO|45|16.95||253|1.39~CAS|PR|2|17.41~REF|LU|32~REF|6R|1419993364Z1~AMT|B6|87.05~CLP|154-2415|19|193|125.55|32.03|MB|2815100330390|32|1~NM1|QC|1|LANGLEY|JIMMY||||HN|456584415A~NM1|82|1||||||XX|1962447805~NM1|TT|2|TX HEALTH & HUMAN SERVICES COMMI|||||PI|70051~MOA|||MA01|MA07~DTM|050|20150410~SVC|HC^99306|193|125.55||1~DTM|472|20150212~CAS|CO|45|32.86||253|2.56~CAS|PR|2|32.03~REF|LU|32~REF|6R|1419992301Z1~AMT|B6|160.14~CLP|173-2510|19|104|68.59|17.5|MB|2815100330380|32|1~NM1|QC|1|MITCHELL|CARL|W|||HN|449686350A~NM1|82|1||||||XX|1962447805~NM1|TT|2|TX HEALTH & HUMAN SERVICES COMMI|||||PI|70051~MOA|||MA01|MA07~DTM|050|20150410~SVC|HC^99309|104|68.59||1~DTM|472|20150211~CAS|CO|45|16.51||253|1.4~CAS|PR|2|17.5~REF|LU|32~REF|6R|1419992220Z1~AMT|B6|87.49~CLP|306-1615|19|130|72.32|18.45|MB|2815100330450|11|1~NM1|QC|1|MURDOCK|SAMMI||||HN|467692813A~NM1|82|1||||||XX|1679978068~NM1|TT|2|TX HEALTH & HUMAN SERVICES COMMI|||||PI|70051~MOA|||MA01|MA07~DTM|050|20150410~SVC|HC^99214|130|72.32||1~DTM|472|20141208~CAS|CO|45|37.75||253|1.48~CAS|PR|2|18.45~REF|LU|11~REF|6R|1419995392Z1~AMT|B6|92.25~SE|117|0001~GE|1|834~IEA|1|000000839~