ISA|00|          |00|          |ZZ|ZIRMED         |ZZ|PAYER          |150909|0845|U|00401|000001316|0|P|^~GS|HP|ZIRMED|PROVIDERHIS|20150909|0845|1311|X|004010X091A1~ST|835|0001~BPR|I|89.69|C|ACH|CCP|01|071000039|DA|5801076091|1742770542||01|111000025|DA|488038453432|20150909~TRN|1|0900008937|1742770542~REF|EV|999999999999999~DTM|405|20150909~N1|PR|ADVANTAGE BY SUPERIOR~N3|2100 SOUTH IH 35, SUITE 202~N4|AUSTIN|TX|78704~N1|PE|DFW GERIATRICS PLLC|XX|1063835361~N3|2925 SKWY CIR N~N4|IRVING|TX|75038~REF|TJ|464596718~LX|1~CLP|245-3726|1|134|89.69|22.88|HM|O245MCE03949|11|E~NM1|QC|1|LOVE|VICKIE S||||MR|C0008177201~NM1|IL|1|LOVE|VICKIE|S|||MI|C0008177201~NM1|82|1|KETHA|SUMANA||||XX|1962447805~REF|EA|000000000505~REF|G2|690002~SVC|HC^99214^25|130|89.69||1~DTM|472|20150804~CAS|CO|45|15.6||44|1.83~CAS|PR|2|22.88|1~REF|6R|1543338125Z1~REF|HPI|1962447805~AMT|B6|114.4~SVC|HC^94760|4|0||1~DTM|472|20150804~CAS|CO|97|4~REF|6R|1543338125Z2~REF|HPI|1962447805~AMT|B6|3.32~LQ|HE|M15~SE|34|0001~GE|1|1311~IEA|1|000001316~