ISA|00|          |00|          |ZZ|ZIRMED         |29|E12705         |150103|0728|U|00401|000000422|0|P|^~GS|HP|ZIRMED|E12705|20150103|0728|417|X|004010X091A1~ST|835|0001~BPR|I|13074.67|C|ACH|CCP|01|081517693|DA|152302017594|1205296137||01|111000025|DA|488038453432|20150105~TRN|1|889261824|1205296137~REF|EV|E12705~DTM|405|20150102~N1|PR|NOVITAS SOLUTIONS, INC.~N3|PO BOX 3110~N4|MECHANICSBURG|PA|170551826~REF|2U|04412~PER|CX||TE|8552528782~N1|PE|DFW GERIATRICS PLLC|XX|1063835361~N3|2925 SKYWAY CIRCLE NORTH~N4|IRVING|TX|750383510~REF|TJ|464596718~LX|1~CLP|189-1090|19|104|68.25|17.41|MB|2814356874850|32|1~NM1|QC|1|ALLISON|RALPH||||HN|457701387A~NM1|82|1||||||XX|1962447805~NM1|TT|2|TX HEALTH & HUMAN SERVICES COMMI|||||PI|70051~MOA|||MA01|MA07~DTM|050|20141222~SVC|HC^99309|104|68.25||1~DTM|472|20141029~CAS|CO|45|16.95||253|1.39~CAS|PR|2|17.41~REF|LU|32~REF|6R|1326084141Z1~AMT|B6|87.05~CLP|270-1207|19|104|61.06|15.58|MB|2914356285800|31|1~NM1|QC|1|AMEZCUA|MARTHA||||HN|353488101D~NM1|82|1||||||XX|1952303547~NM1|TT|2|TX HEALTH & HUMAN SERVICES COMMI|||||PI|70051~MOA|||MA01|MA07~DTM|050|20141222~SVC|HC^99309|104|61.06||1~DTM|472|20141103~CAS|CO|45|26.11||253|1.25~CAS|PR|2|15.58~REF|LU|31~REF|6R|1326348382Z1~AMT|B6|77.89~CLP|270-1164|19|79|51.8|13.21|MB|2914356285920|32|1~NM1|QC|1|AMEZCUA|MARTHA||||HN|353488101D~NM1|82|1||||||XX|1962447805~NM1|TT|2|TX HEALTH & HUMAN SERVICES COMMI|||||PI|70051~MOA|||MA01|MA07~DTM|050|20141222~SVC|HC^99308|79|51.8||1~DTM|472|20141023~CAS|CO|45|12.93||253|1.06~CAS|PR|2|13.21~REF|LU|32~REF|6R|1326364615Z1~AMT|B6|66.07~CLP|8-1084|19|104|68.25|17.41|MB|2814356876980|31|1~NM1|QC|1|BAREFIELD|EVELYN||||HN|459193092A~NM1|82|1||||||XX|1962447805~NM1|TT|2|TX HEALTH & HUMAN SERVICES COMMI|||||PI|70051~MOA|||MA01|MA07~DTM|050|20141222~SVC|HC^99309|104|68.25||1~DTM|472|20140715~CAS|CO|45|16.95||253|1.39~CAS|PR|2|17.41~REF|LU|31~REF|6R|1326086238Z1~AMT|B6|87.05~CLP|8-1056|19|193|126.15|32.18|MB|2814356877330|31|1~NM1|QC|1|BAREFIELD|EVELYN||||HN|459193092A~NM1|82|1||||||XX|1962447805~NM1|TT|2|TX HEALTH & HUMAN SERVICES COMMI|||||PI|70051~MOA|||MA01|MA07~DTM|050|20141222~SVC|HC^99306|193|126.15||1~DTM|472|20140610~CAS|CO|45|32.1||253|2.57~CAS|PR|2|32.18~REF|LU|31~REF|6R|1326086301Z1~AMT|B6|160.9~CLP|8-1057|19|104|68.25|17.41|MB|2814356877350|31|1~NM1|QC|1|BAREFIELD|EVELYN||||HN|459193092A~NM1|82|1||||||XX|1962447805~NM1|TT|2|TX HEALTH & HUMAN SERVICES COMMI|||||PI|70051~MOA|||MA01|MA07~DTM|050|20141222~SVC|HC^99309|104|68.25||1~DTM|472|20140618~CAS|CO|45|16.95||253|1.39~CAS|PR|2|17.41~REF|LU|31~REF|6R|1326086302Z1~AMT|B6|87.05~CLP|159-1143|19|109|63.87|16.29|MB|2814356875170|33|1~NM1|QC|1|BARKER|M|L|||HN|450422259A~NM1|82|1||||||XX|1952303547~NM1|TT|2|TX HEALTH & HUMAN SERVICES COMMI|||||PI|70051~MOA|||MA01|MA07~DTM|050|20141222~SVC|HC^99335|109|63.87||1~DTM|472|20141022~CAS|CO|45|27.54||253|1.3~CAS|PR|2|16.29~REF|LU|33~REF|6R|1326084189Z1~AMT|B6|81.46~CLP|159-1030|19|222|145.08|37.01|MB|2814356876030|33|1~NM1|QC|1|BARKER|M|L|||HN|450422259A~NM1|82|1||||||XX|1962447805~NM1|TT|2|TX HEALTH & HUMAN SERVICES COMMI|||||PI|70051~MOA|||MA01|MA07~DTM|050|20141222~SVC|HC^99337|222|145.08||1~DTM|472|20140924~CAS|CO|45|36.95||253|2.96~CAS|PR|2|37.01~REF|LU|33~REF|6R|1326085812Z1~AMT|B6|185.05~CLP|137-1022|19|109|71.38|18.21|MB|2814356873070|33|1~NM1|QC|1|BARNETT|JERRELL|A|||HN|466441735A~NM1|82|1||||||XX|1962447805~NM1|TT|2|TX HEALTH & HUMAN SERVICES COMMI|||||PI|70051~MOA|||MA01|MA07~DTM|050|20141222~SVC|HC^99335|109|71.38||1~DTM|472|20141030~CAS|CO|45|17.95||253|1.46~CAS|PR|2|18.21~REF|LU|33~REF|6R|1325955851Z1~AMT|B6|91.05~CLP|278-1208|19|104|61.06|15.58|MB|2914356285810|31|1~NM1|QC|1|BARNETT|WALTER|L|||HN|458342969A~NM1|82|1||||||XX|1952303547~NM1|TT|2|SIERRA HEALTH & LIFE INSURANCE C|||||PI|30096~MOA|||MA01|MA18~DTM|050|20141222~SVC|HC^99309|104|61.06||1~DTM|472|20141103~CAS|CO|45|26.11||253|1.25~CAS|PR|2|15.58~REF|LU|31~REF|6R|1326348383Z1~AMT|B6|77.89~CLP|278-1194|19|79|51.8|13.21|MB|2914356286040|31|1~NM1|QC|1|BARNETT|WALTER|L|||HN|458342969A~NM1|82|1||||||XX|1962447805~NM1|TT|2|SIERRA HEALTH & LIFE INSURANCE C|||||PI|30096~MOA|||MA01|MA18~DTM|050|20141222~SVC|HC^99308|79|51.8||1~DTM|472|20141030~CAS|CO|45|12.93||253|1.06~CAS|PR|2|13.21~REF|LU|31~REF|6R|1326364627Z1~AMT|B6|66.07~CLP|241-1088|19|104|68.25|17.41|MB|2814356877040|31|1~NM1|QC|1|BASS|GARLAND||||HN|430805508A~NM1|82|1||||||XX|1962447805~NM1|TT|2|TX HEALTH & HUMAN SERVICES COMMI|||||PI|70051~MOA|||MA01|MA07~DTM|050|20141222~SVC|HC^99309|104|68.25||1~DTM|472|20140722~CAS|CO|45|16.95||253|1.39~CAS|PR|2|17.41~REF|LU|31~REF|6R|1326086240Z1~AMT|B6|87.05~CLP|183-1018|19|222|129.81|33.11|MB|2814356873970|33|1~NM1|QC|1|BERRY|PAULINE|M|||HN|462524013A~NM1|82|1||||||XX|1952303547~NM1|TT|2|TX HEALTH & HUMAN SERVICES COMMI|||||PI|70051~MOA|||MA01|MA07~DTM|050|20141222~SVC|HC^99337|222|129.81||1~DTM|472|20141112~CAS|CO|45|56.43||253|2.65~CAS|PR|2|33.11~REF|LU|33~REF|6R|1326083981Z1~AMT|B6|165.57~CLP|183-1144|19|109|63.87|16.29|MB|2814356875200|33|1~NM1|QC|1|BERRY|PAULINE|M|||HN|462524013A~NM1|82|1||||||XX|1952303547~NM1|TT|2|TX HEALTH & HUMAN SERVICES COMMI|||||PI|70051~MOA|||MA01|MA07~DTM|050|20141222~SVC|HC^99335|109|63.87||1~DTM|472|20141022~CAS|CO|45|27.54||253|1.3~CAS|PR|2|16.29~REF|LU|33~REF|6R|1326084190Z1~AMT|B6|81.46~CLP|246-873|19|234|152.6|38.93|MB|2814356875630|21|1~NM1|QC|1|BONNER|CARL||||HN|450968404A~NM1|82|1||||||XX|1962447805~NM1|TT|2|TX HEALTH & HUMAN SERVICES COMMI|||||PI|70051~MOA|||MA01|MA07~DTM|050|20141222~SVC|HC^99223|234|152.6||1~DTM|472|20141011~CAS|CO|45|39.36||253|3.11~CAS|PR|2|38.93~REF|LU|21~REF|6R|1326084297Z1~AMT|B6|194.64~CLP|246-885|19|189|123.35|31.46|MB|2814356875670|21|1~NM1|QC|1|BONNER|CARL||||HN|450968404A~NM1|82|1||||||XX|1962447805~NM1|TT|2|TX HEALTH & HUMAN SERVICES COMMI|||||PI|70051~MOA|||MA01|MA07~DTM|050|20141222~SVC|HC^99232^25|83|54.18||1~DTM|472|20141013~CAS|CO|45|13.89||253|1.11~CAS|PR|2|13.82~REF|LU|21~REF|6R|1326084299Z1~AMT|B6|69.11~SVC|HC^99356|106|69.17||1~DTM|472|20141013~CAS|CO|45|17.78||253|1.41~CAS|PR|2|17.64~REF|LU|21~REF|6R|1326084299Z2~AMT|B6|88.22~CLP|246-887|19|123|80.52|20.54|MB|2814356875690|21|1~NM1|QC|1|BONNER|CARL||||HN|450968404A~NM1|82|1||||||XX|1962447805~NM1|TT|2|TX HEALTH & HUMAN SERVICES COMMI|||||PI|70051~MOA|||MA01|MA07~DTM|050|20141222~SVC|HC^99239|123|80.52||1~DTM|472|20141014~CAS|CO|45|20.3||253|1.64~CAS|PR|2|20.54~REF|LU|21~REF|6R|1326084300Z1~AMT|B6|102.7~CLP|15-1135|19|104|68.25|17.41|MB|2814356872170|32|1~NM1|QC|1|BOOKER|ROY|G|||HN|458824469M~NM1|82|1||||||XX|1962447805~NM1|TT|2|TX HEALTH & HUMAN SERVICES COMMI|||||PI|70051~MOA|||MA01|MA07~DTM|050|20141222~SVC|HC^99309|104|68.25||1~DTM|472|20140929~CAS|CO|45|16.95||253|1.39~CAS|PR|2|17.41~REF|LU|32~REF|6R|1325719548Z1~AMT|B6|87.05~CLP|257-1118|19|79|51.8|13.21|MB|2814356872400|31|1~NM1|QC|1|BOOTH|BENNIE|B|||HN|458560309D~NM1|82|1||||||XX|1962447805~NM1|TT|2|NORTH AMERICAN INSURANCE COMPANY|||||PI|30155~MOA|||MA01|MA18~DTM|050|20141222~SVC|HC^99308|79|51.8||1~DTM|472|20141002~CAS|CO|45|12.93||253|1.06~CAS|PR|2|13.21~REF|LU|31~REF|6R|1325819950Z1~AMT|B6|66.07~CLP|257-1114|19|79|51.8|13.21|MB|2814356872710|31|1~NM1|QC|1|BOOTH|BENNIE|B|||HN|458560309D~NM1|82|1||||||XX|1962447805~NM1|TT|2|NORTH AMERICAN INSURANCE COMPANY|||||PI|30155~MOA|||MA01|MA18~DTM|050|20141222~SVC|HC^99308|79|51.8||1~DTM|472|20141016~CAS|CO|45|12.93||253|1.06~CAS|PR|2|13.21~REF|LU|31~REF|6R|1325901269Z1~AMT|B6|66.07~CLP|257-1122|19|104|68.25|17.41|MB|2814356873010|31|1~NM1|QC|1|BOOTH|BENNIE|B|||HN|458560309D~NM1|82|1||||||XX|1962447805~NM1|TT|2|NORTH AMERICAN INSURANCE COMPANY|||||PI|30155~MOA|||MA01|MA18~DTM|050|20141222~SVC|HC^99309|104|68.25||1~DTM|472|20141013~CAS|CO|45|16.95||253|1.39~CAS|PR|2|17.41~REF|LU|31~REF|6R|1325944161Z1~AMT|B6|87.05~CLP|257-1112|19|79|51.8|13.21|MB|2814356873330|31|1~NM1|QC|1|BOOTH|BENNIE|B|||HN|458560309D~NM1|82|1||||||XX|1962447805~NM1|TT|2|NORTH AMERICAN INSURANCE COMPANY|||||PI|30155~MOA|||MA01|MA18~DTM|050|20141222~SVC|HC^99308|79|51.8||1~DTM|472|20141007~CAS|CO|45|12.93||253|1.06~CAS|PR|2|13.21~REF|LU|31~REF|6R|1325982405Z1~AMT|B6|66.07~CLP|257-1116|19|104|68.25|17.41|MB|2814356873360|31|1~NM1|QC|1|BOOTH|BENNIE|B|||HN|458560309D~NM1|82|1||||||XX|1962447805~NM1|TT|2|NORTH AMERICAN INSURANCE COMPANY|||||PI|30155~MOA|||MA01|MA18~DTM|050|20141222~SVC|HC^99309|104|68.25||1~DTM|472|20141009~CAS|CO|45|16.95||253|1.39~CAS|PR|2|17.41~REF|LU|31~REF|6R|1325982406Z1~AMT|B6|87.05~CLP|257-1027|19|79|46.35|11.82|MB|2814356874460|31|1~NM1|QC|1|BOOTH|BENNIE|B|||HN|458560309D~NM1|82|1||||||XX|1952303547~NM1|TT|2|NORTH AMERICAN INSURANCE COMPANY|||||PI|30155~MOA|||MA01|MA18~DTM|050|20141222~SVC|HC^99308|79|46.35||1~DTM|472|20141002~CAS|CO|45|19.88||253|.95~CAS|PR|2|11.82~REF|LU|31~REF|6R|1326084074Z1~AMT|B6|59.12~CLP|271-1175|19|104|61.06|15.58|MB|2914356285710|31|1~NM1|QC|1|BOYD|BETTYE|N|||HN|465347194A~NM1|82|1||||||XX|1952303547~NM1|TT|2|BCBS OF MICHIGAN|||||PI|00055~MOA|||MA01|MA18|N89~DTM|050|20141222~SVC|HC^99309|104|61.06||1~DTM|472|20141110~CAS|CO|45|26.11||253|1.25~CAS|PR|2|15.58~REF|LU|31~REF|6R|1326333731Z1~AMT|B6|77.89~CLP|271-1209|19|104|61.06|15.58|MB|2914356285820|31|1~NM1|QC|1|BOYD|BETTYE|N|||HN|465347194A~NM1|82|1||||||XX|1952303547~NM1|TT|2|BCBS OF MICHIGAN|||||PI|00055~MOA|||MA01|MA18|N89~DTM|050|20141222~SVC|HC^99309|104|61.06||1~DTM|472|20141103~CAS|CO|45|26.11||253|1.25~CAS|PR|2|15.58~REF|LU|31~REF|6R|1326348384Z1~AMT|B6|77.89~CLP|271-1198|19|79|51.8|13.21|MB|2914356286070|31|1~NM1|QC|1|BOYD|BETTYE|N|||HN|465347194A~NM1|82|1||||||XX|1962447805~NM1|TT|2|BCBS OF MICHIGAN|||||PI|00055~MOA|||MA01|MA18|N89~DTM|050|20141222~SVC|HC^99308|79|51.8||1~DTM|472|20141030~CAS|CO|45|12.93||253|1.06~CAS|PR|2|13.21~REF|LU|31~REF|6R|1326367679Z1~AMT|B6|66.07~CLP|16-1050|19|104|68.25|17.41|MB|2814356872260|32|1~NM1|QC|1|BURCHETT|JAMES||||HN|456441264A~NM1|82|1||||||XX|1962447805~NM1|TT|2|TX HEALTH & HUMAN SERVICES COMMI|||||PI|70051~MOA|||MA01|MA07~DTM|050|20141222~SVC|HC^99309|104|68.25||1~DTM|472|20141006~CAS|CO|45|16.95||253|1.39~CAS|PR|2|17.41~REF|LU|32~REF|6R|1325771526Z1~AMT|B6|87.05~CLP|16-1051|19|104|68.25|17.41|MB|2814356873510|32|1~NM1|QC|1|BURCHETT|JAMES||||HN|456441264A~NM1|82|1||||||XX|1962447805~NM1|TT|2|TX HEALTH & HUMAN SERVICES COMMI|||||PI|70051~MOA|||MA01|MA07~DTM|050|20141222~SVC|HC^99309|104|68.25||1~DTM|472|20140811~CAS|CO|45|16.95||253|1.39~CAS|PR|2|17.41~REF|LU|32~REF|6R|1325982891Z1~AMT|B6|87.05~CLP|16-991|19|79|51.8|13.21|MB|2814356874410|32|1~NM1|QC|1|BURCHETT|JAMES||||HN|456441264A~NM1|82|1||||||XX|1962447805~NM1|TT|2|TX HEALTH & HUMAN SERVICES COMMI|||||PI|70051~MOA|||MA01|MA07~DTM|050|20141222~SVC|HC^99308|79|51.8||1~DTM|472|20141027~CAS|CO|45|12.93||253|1.06~CAS|PR|2|13.21~REF|LU|32~REF|6R|1326084072Z1~AMT|B6|66.07~CLP|16-1093|19|79|51.8|13.21|MB|2814356874990|32|1~NM1|QC|1|BURCHETT|JAMES||||HN|456441264A~NM1|82|1||||||XX|1962447805~NM1|TT|2|TX HEALTH & HUMAN SERVICES COMMI|||||PI|70051~MOA|||MA01|MA07~DTM|050|20141222~SVC|HC^99308|79|51.8||1~DTM|472|20141014~CAS|CO|45|12.93||253|1.06~CAS|PR|2|13.21~REF|LU|32~REF|6R|1326084181Z1~AMT|B6|66.07~CLP|80-1125|19|104|68.25|17.41|MB|2814356872620|32|1~NM1|QC|1|CAMPBELL|BENNIE||||HN|452629794A~NM1|82|1||||||XX|1962447805~NM1|TT|2|TX HEALTH & HUMAN SERVICES COMMI|||||PI|70051~MOA|||MA01|MA07~DTM|050|20141222~SVC|HC^99309|104|68.25||1~DTM|472|20141013~CAS|CO|45|16.95||253|1.39~CAS|PR|2|17.41~REF|LU|32~REF|6R|1325876204Z1~AMT|B6|87.05~CLP|92-1026|19|104|68.25|17.41|MB|2814356872860|32|1~NM1|QC|1|COLLINS|VELMA||||HN|449463498D~NM1|82|1||||||XX|1962447805~NM1|TT|2|TX HEALTH & HUMAN SERVICES COMMI|||||PI|70051~MOA|||MA01|MA07~DTM|050|20141222~SVC|HC^99309|104|68.25||1~DTM|472|20140922~CAS|CO|45|16.95||253|1.39~CAS|PR|2|17.41~REF|LU|32~REF|6R|1325930820Z1~AMT|B6|87.05~CLP|92-986|19|79|51.8|13.21|MB|2814356874290|32|1~NM1|QC|1|COLLINS|VELMA||||HN|449463498D~NM1|82|1||||||XX|1962447805~NM1|TT|2|TX HEALTH & HUMAN SERVICES COMMI|||||PI|70051~MOA|||MA01|MA07~DTM|050|20141222~SVC|HC^99308|79|51.8||1~DTM|472|20141027~CAS|CO|45|12.93||253|1.06~CAS|PR|2|13.21~REF|LU|32~REF|6R|1326084067Z1~AMT|B6|66.07~CLP|92-1094|19|79|51.8|13.21|MB|2814356875010|32|1~NM1|QC|1|COLLINS|VELMA||||HN|449463498D~NM1|82|1||||||XX|1962447805~NM1|TT|2|TX HEALTH & HUMAN SERVICES COMMI|||||PI|70051~MOA|||MA01|MA07~DTM|050|20141222~SVC|HC^99308|79|51.8||1~DTM|472|20141014~CAS|CO|45|12.93||253|1.06~CAS|PR|2|13.21~REF|LU|32~REF|6R|1326084182Z1~AMT|B6|66.07~CLP|92-1105|19|104|68.25|17.41|MB|2814356877070|32|1~NM1|QC|1|COLLINS|VELMA||||HN|449463498D~NM1|82|1||||||XX|1962447805~NM1|TT|2|TX HEALTH & HUMAN SERVICES COMMI|||||PI|70051~MOA|||MA01|MA07~DTM|050|20141222~SVC|HC^99309|104|68.25||1~DTM|472|20140721~CAS|CO|45|16.95||253|1.39~CAS|PR|2|17.41~REF|LU|32~REF|6R|1326086241Z1~AMT|B6|87.05~CLP|63-980|19|104|68.25|17.41|MB|2814356875880|31|1~NM1|QC|1|CONNELL|WILLIAM|B|||HN|464589854A~NM1|82|1||||||XX|1962447805~NM1|TT|2|HCSC-BCBS OF TX-OTHER B ONLY|||||PI|00044~MOA|||MA01|MA18~DTM|050|20141222~SVC|HC^99309|104|68.25||1~DTM|472|20140925~CAS|CO|45|16.95||253|1.39~CAS|PR|2|17.41~REF|LU|31~REF|6R|1326085806Z1~AMT|B6|87.05~CLP|216-1068|19|104|68.25|17.41|MB|2814356874650|32|1~NM1|QC|1|CRAWFORD|MARY||||HN|456448632D6~NM1|82|1||||||XX|1962447805~NM1|TT|2|TX HEALTH & HUMAN SERVICES COMMI|||||PI|70051~MOA|||MA01|MA07~DTM|050|20141222~SVC|HC^99309|104|68.25||1~DTM|472|20141020~CAS|CO|45|16.95||253|1.39~CAS|PR|2|17.41~REF|LU|32~REF|6R|1326084131Z1~AMT|B6|87.05~CLP|120-954|19|104|68.25|17.41|MB|2814356876760|32|1~NM1|QC|1|CROWDER|EVA||||HN|460445627A~NM1|82|1||||||XX|1962447805~NM1|TT|2|AETNA, INC.|||||PI|00060~MOA|||MA01|MA18~DTM|050|20141222~SVC|HC^99309|104|68.25||1~DTM|472|20140825~CAS|CO|45|16.95||253|1.39~CAS|PR|2|17.41~REF|LU|32~REF|6R|1326086210Z1~AMT|B6|87.05~CLP|238-802|19|234|152.6|38.93|MB|2814356875480|21|1~NM1|QC|1|DELBOSQUE|EDWARDO||||HN|456397262A~NM1|82|1||||||XX|1962447805~NM1|TT|2|TX HEALTH & HUMAN SERVICES COMMI|||||PI|70051~MOA|||MA01|MA07~DTM|050|20141222~SVC|HC^99223|234|152.6||1~DTM|472|20141025~CAS|CO|45|39.36||253|3.11~CAS|PR|2|38.93~REF|LU|21~REF|6R|1326084290Z1~AMT|B6|194.64~CLP|238-803|19|120|78.09|19.92|MB|2814356875500|21|1~NM1|QC|1|DELBOSQUE|EDWARDO||||HN|456397262A~NM1|82|1||||||XX|1962447805~NM1|TT|2|TX HEALTH & HUMAN SERVICES COMMI|||||PI|70051~MOA|||MA01|MA07~DTM|050|20141222~SVC|HC^99233|120|78.09||1~DTM|472|20141026~CAS|CO|45|20.4||253|1.59~CAS|PR|2|19.92~REF|LU|21~REF|6R|1326084291Z1~AMT|B6|99.6~CLP|164-981|19|79|51.8|13.21|MB|2814356875900|31|1~NM1|QC|1|DOMINGUEZ|MARIA||||HN|456542337A~NM1|82|1||||||XX|1962447805~NM1|TT|2|TX HEALTH & HUMAN SERVICES COMMI|||||PI|70051~MOA|||MA01|MA07~DTM|050|20141222~SVC|HC^99308|79|51.8||1~DTM|472|20140925~CAS|CO|45|12.93||253|1.06~CAS|PR|2|13.21~REF|LU|31~REF|6R|1326085807Z1~AMT|B6|66.07~CLP|164-1037|19|104|68.25|17.41|MB|2814356876050|31|1~NM1|QC|1|DOMINGUEZ|MARIA||||HN|456542337A~NM1|82|1||||||XX|1962447805~NM1|TT|2|TX HEALTH & HUMAN SERVICES COMMI|||||PI|70051~MOA|||MA01|MA07~DTM|050|20141222~SVC|HC^99309|104|68.25||1~DTM|472|20140924~CAS|CO|45|16.95||253|1.39~CAS|PR|2|17.41~REF|LU|31~REF|6R|1326085813Z1~AMT|B6|87.05~CLP|251-987|1|79|51.8|13.21|MB|2814356874310|32|1~NM1|QC|1|DURHAM|EMANUEL||||HN|454787983A~NM1|82|1||||||XX|1962447805~MOA|||MA01~DTM|050|20141222~SVC|HC^99308|79|51.8||1~DTM|472|20141027~CAS|CO|45|12.93||253|1.06~CAS|PR|2|13.21~REF|LU|32~REF|6R|1326084068Z1~AMT|B6|66.07~CLP|251-1095|1|79|51.8|13.21|MB|2814356875030|32|1~NM1|QC|1|DURHAM|EMANUEL||||HN|454787983A~NM1|82|1||||||XX|1962447805~MOA|||MA01~DTM|050|20141222~SVC|HC^99308|79|51.8||1~DTM|472|20141014~CAS|CO|45|12.93||253|1.06~CAS|PR|2|13.21~REF|LU|32~REF|6R|1326084183Z1~AMT|B6|66.07~CLP|182-1019|19|109|63.87|16.29|MB|2814356874000|33|1~NM1|QC|1|EDWARDS|PATSY|R|||HN|455501964A~NM1|82|1||||||XX|1952303547~NM1|TT|2|NORTH AMERICAN INSURANCE COMPANY|||||PI|30155~MOA|||MA01|MA18~DTM|050|20141222~SVC|HC^99335|109|63.87||1~DTM|472|20141112~CAS|CO|45|27.54||253|1.3~CAS|PR|2|16.29~REF|LU|33~REF|6R|1326083982Z1~AMT|B6|81.46~CLP|182-955|19|104|68.25|17.41|MB|2814356874580|32|1~NM1|QC|1|EDWARDS|PATSY|R|||HN|455501964A~NM1|82|1||||||XX|1962447805~NM1|TT|2|NORTH AMERICAN INSURANCE COMPANY|||||PI|30155~MOA|||MA01|MA18~DTM|050|20141222~SVC|HC^99309|104|68.25||1~DTM|472|20141023~CAS|CO|45|16.95||253|1.39~CAS|PR|2|17.41~REF|LU|32~REF|6R|1326084090Z1~AMT|B6|87.05~CLP|110-1048|19|104|68.25|17.41|MB|2814356872490|32|1~NM1|QC|1|ELLIS|JOHNNY|R|||HN|455964775A~NM1|82|1||||||XX|1962447805~NM1|TT|2|TX HEALTH & HUMAN SERVICES COMMI|||||PI|70051~MOA|||MA01|MA07~DTM|050|20141222~SVC|HC^99309|104|68.25||1~DTM|472|20141006~CAS|CO|45|16.95||253|1.39~CAS|PR|2|17.41~REF|LU|32~REF|6R|1325849565Z1~AMT|B6|87.05~CLP|217-1028|19|104|68.25|17.41|MB|2814356872380|32|1~NM1|QC|1|EVANS|MORIE|M|||HN|453197449A~NM1|82|1||||||XX|1962447805~NM1|TT|2|TX HEALTH & HUMAN SERVICES COMMI|||||PI|70051~MOA|||MA01|MA07~DTM|050|20141222~SVC|HC^99309|104|68.25||1~DTM|472|20140922~CAS|CO|45|16.95||253|1.39~CAS|PR|2|17.41~REF|LU|32~REF|6R|1325817112Z1~AMT|B6|87.05~CLP|217-1103|19|104|68.25|17.41|MB|2814356876850|32|1~NM1|QC|1|EVANS|MORIE|M|||HN|453197449A~NM1|82|1||||||XX|1962447805~NM1|TT|2|TX HEALTH & HUMAN SERVICES COMMI|||||PI|70051~MOA|||MA01|MA07~DTM|050|20141222~SVC|HC^99309|104|68.25||1~DTM|472|20140811~CAS|CO|45|16.95||253|1.39~CAS|PR|2|17.41~REF|LU|32~REF|6R|1326086213Z1~AMT|B6|87.05~CLP|147-1119|19|104|68.25|17.41|MB|2814356877250|32|1~NM1|QC|1|FIELDS|JOYCE||||HN|450487270A~NM1|82|1||||||XX|1962447805~NM1|TT|2|TX HEALTH & HUMAN SERVICES COMMI|||||PI|70051~MOA|||MA01|MA07~DTM|050|20141222~SVC|HC^99309|104|68.25||1~DTM|472|20140721~CAS|CO|45|16.95||253|1.39~CAS|PR|2|17.41~REF|LU|32~REF|6R|1326086248Z1~AMT|B6|87.05~CLP|72-1110|19|51|33.58|8.57|MB|2814356877120|32|1~NM1|QC|1|GAINES|GWENDOLYN||||HN|462219921TA~NM1|82|1||||||XX|1962447805~NM1|TT|2|TX HEALTH & HUMAN SERVICES COMMI|||||PI|70051~MOA|||MA01|MA07~DTM|050|20141222~SVC|HC^99307|51|33.58||1~DTM|472|20140721~CAS|CO|45|8.16||253|.69~CAS|PR|2|8.57~REF|LU|32~REF|6R|1326086243Z1~AMT|B6|42.84~CLP|72-1140|19|79|51.8|13.21|MB|2814356877440|32|1~NM1|QC|1|GAINES|GWENDOLYN||||HN|462219921TA~NM1|82|1||||||XX|1962447805~NM1|TT|2|TX HEALTH & HUMAN SERVICES COMMI|||||PI|70051~MOA|||MA01|MA07~DTM|050|20141222~SVC|HC^99308|79|51.8||1~DTM|472|20140616~CAS|CO|45|12.93||253|1.06~CAS|PR|2|13.21~REF|LU|32~REF|6R|1326086305Z1~AMT|B6|66.07~CLP|244-850|19|123|80.52|20.54|MB|2814356876480|21|1~NM1|QC|1|GARCIA|MARIA||||HN|466542551A~NM1|74|1|||D|||C|452665613D~NM1|82|1||||||XX|1962447805~NM1|TT|2|TX HEALTH & HUMAN SERVICES COMMI|||||PI|70051~MOA|||MA01|MA07~DTM|050|20141222~SVC|HC^99239|123|80.52||1~DTM|472|20140901~CAS|CO|45|20.3||253|1.64~CAS|PR|2|20.54~REF|LU|21~REF|6R|1326086125Z1~AMT|B6|102.7~CLP|244-849|19|234|152.6|38.93|MB|2814356876660|21|1~NM1|QC|1|GARCIA|MARIA||||HN|466542551A~NM1|74|1|||D|||C|452665613D~NM1|82|1||||||XX|1962447805~NM1|TT|2|TX HEALTH & HUMAN SERVICES COMMI|||||PI|70051~MOA|||MA01|MA07~DTM|050|20141222~SVC|HC^99223|234|152.6||1~DTM|472|20140831~CAS|CO|45|39.36||253|3.11~CAS|PR|2|38.93~REF|LU|21~REF|6R|1326086206Z1~AMT|B6|194.64~CLP|129-971|19|51|33.58|8.57|MB|2814356877530|32|1~NM1|QC|1|GARN|JAMES|F|||HN|467240006A~NM1|82|1||||||XX|1962447805~NM1|TT|2|TX HEALTH & HUMAN SERVICES COMMI|||||PI|70051~MOA|||MA01|MA07~DTM|050|20141222~SVC|HC^99307|51|33.58||1~DTM|472|20140519~CAS|CO|45|8.16||253|.69~CAS|PR|2|8.57~REF|LU|32~REF|6R|1326086325Z1~AMT|B6|42.84~CLP|61-1000|19|70|40.79|10.4|MB|2814356872830|33|1~NM1|QC|1|GEER|VIRGINIA|L|||HN|449448951D~NM1|82|1||||||XX|1952303547~NM1|TT|2|SIERRA HEALTH & LIFE INSURANCE C|||||PI|30096~MOA|||MA01|MA18~DTM|050|20141222~SVC|HC^99334|70|40.79||1~DTM|472|20141110~CAS|CO|45|17.98||253|.83~CAS|PR|2|10.4~REF|LU|33~REF|6R|1325922896Z1~AMT|B6|52.02~CLP|249-903|19|226|147.26|37.56|MB|2814356876710|21|1~NM1|QC|1|GERMAN|RITA||||HN|643363800M~NM1|82|1||||||XX|1962447805~NM1|TT|2|TX HEALTH & HUMAN SERVICES COMMI|||||PI|70051~MOA|||MA01|MA07~DTM|050|20141222~SVC|HC^99233^25|120|78.09||1~DTM|472|20140820~CAS|CO|45|20.4||253|1.59~CAS|PR|2|19.92~REF|LU|21~REF|6R|1326086208Z1~AMT|B6|99.6~SVC|HC^99356|106|69.17||1~DTM|472|20140820~CAS|CO|45|17.78||253|1.41~CAS|PR|2|17.64~REF|LU|21~REF|6R|1326086208Z2~AMT|B6|88.22~CLP|87-1139|19|104|68.25|17.41|MB|2814356872320|32|1~NM1|QC|1|GIPSON|CARRIE||||HN|457404502B~NM1|82|1||||||XX|1962447805~NM1|TT|2|TX HEALTH & HUMAN SERVICES COMMI|||||PI|70051~MOA|||MA01|MA07~DTM|050|20141222~SVC|HC^99309|104|68.25||1~DTM|472|20140922~CAS|CO|45|16.95||253|1.39~CAS|PR|2|17.41~REF|LU|32~REF|6R|1325782141Z1~AMT|B6|87.05~CLP|87-1069|19|104|68.25|17.41|MB|2814356874680|32|1~NM1|QC|1|GIPSON|CARRIE||||HN|457404502B~NM1|82|1||||||XX|1962447805~NM1|TT|2|TX HEALTH & HUMAN SERVICES COMMI|||||PI|70051~MOA|||MA01|MA07~DTM|050|20141222~SVC|HC^99309|104|68.25||1~DTM|472|20141020~CAS|CO|45|16.95||253|1.39~CAS|PR|2|17.41~REF|LU|32~REF|6R|1326084132Z1~AMT|B6|87.05~CLP|87-1117|19|104|68.25|17.41|MB|2814356877220|32|1~NM1|QC|1|GIPSON|CARRIE||||HN|457404502B~NM1|82|1||||||XX|1962447805~NM1|TT|2|TX HEALTH & HUMAN SERVICES COMMI|||||PI|70051~MOA|||MA01|MA07~DTM|050|20141222~SVC|HC^99309|104|68.25||1~DTM|472|20140721~CAS|CO|45|16.95||253|1.39~CAS|PR|2|17.41~REF|LU|32~REF|6R|1326086247Z1~AMT|B6|87.05~CLP|247-890|19|234|152.6|38.93|MB|2814356876500|21|1~NM1|QC|1|GIPSON|MILTON||||HN|464278332A~NM1|82|1||||||XX|1962447805~NM1|TT|2|TX HEALTH & HUMAN SERVICES COMMI|||||PI|70051~MOA|||MA01|MA07~DTM|050|20141222~SVC|HC^99223|234|152.6||1~DTM|472|20140923~CAS|CO|45|39.36||253|3.11~CAS|PR|2|38.93~REF|LU|21~REF|6R|1326086126Z1~AMT|B6|194.64~CLP|247-891|19|123|80.52|20.54|MB|2814356876520|21|1~NM1|QC|1|GIPSON|MILTON||||HN|464278332A~NM1|82|1||||||XX|1962447805~NM1|TT|2|TX HEALTH & HUMAN SERVICES COMMI|||||PI|70051~MOA|||MA01|MA07~DTM|050|20141222~SVC|HC^99239|123|80.52||1~DTM|472|20140924~CAS|CO|45|20.3||253|1.64~CAS|PR|2|20.54~REF|LU|21~REF|6R|1326086127Z1~AMT|B6|102.7~CLP|259-1004|19|154|100.69|25.69|MB|2814356872770|33|1~NM1|QC|1|GRUBBS|TOMMY||||HN|456648163A~NM1|82|1||||||XX|1962447805~NM1|TT|2|TX HEALTH & HUMAN SERVICES COMMI|||||PI|70051~MOA|||MA01|MA07~DTM|050|20141222~SVC|HC^99336|154|100.69||1~DTM|472|20141027~CAS|CO|45|25.57||253|2.05~CAS|PR|2|25.69~REF|LU|33~REF|6R|1325911303Z1~AMT|B6|128.43~CLP|172-982|19|79|51.8|13.21|MB|2814356875930|31|1~NM1|QC|1|GUENTHER|MAXINE||||HN|510161715A~NM1|82|1||||||XX|1962447805~NM1|TT|2|UNITEDHEALTH GROUP|||||PI|30002~MOA|||MA01|MA18~DTM|050|20141222~SVC|HC^99308|79|51.8||1~DTM|472|20140925~CAS|CO|45|12.93||253|1.06~CAS|PR|2|13.21~REF|LU|31~REF|6R|1326085808Z1~AMT|B6|66.07~CLP|258-1002|19|70|40.79|10.4|MB|2814356873700|33|1~NM1|QC|1|HARGIS|VIRGINA|R|||HN|311209792D~NM1|82|1||||||XX|1952303547~NM1|TT|2|AMERICAN REPUBLIC INSURANCE CO|||||PI|30176~MOA|||MA01|MA18~DTM|050|20141222~SVC|HC^99334|70|40.79||1~DTM|472|20141110~CAS|CO|45|17.98||253|.83~CAS|PR|2|10.4~REF|LU|33~REF|6R|1326083837Z1~AMT|B6|52.02~CLP|258-1012|19|155|101.51|25.89|MB|2814356873740|31|1~NM1|QC|1|HARGIS|VIRGINA|R|||HN|311209792D~NM1|82|1||||||XX|1962447805~NM1|TT|2|AMERICAN REPUBLIC INSURANCE CO|||||PI|30176~MOA|||MA01|MA18~DTM|050|20141222~SVC|HC^99310|155|101.51||1~DTM|472|20141029~CAS|CO|45|25.53||253|2.07~CAS|PR|2|25.89~REF|LU|31~REF|6R|1326083879Z1~AMT|B6|129.47~CLP|220-949|19|109|63.87|16.29|MB|2814356877750|33|1~NM1|QC|1|HOLCOMB|MICKEY|S|||HN|452969456M~NM1|82|1||||||XX|1952303547~NM1|TT|2|TX HEALTH & HUMAN SERVICES COMMI|||||PI|70051~MOA|||MA01|MA07~DTM|050|20141222~SVC|HC^99335|109|63.87||1~DTM|472|20141113~CAS|CO|45|27.54||253|1.3~CAS|PR|2|16.29~REF|LU|33~REF|6R|1326086694Z1~AMT|B6|81.46~CLP|226-1091|19|104|68.25|17.41|MB|2814356874870|32|1~NM1|QC|1|HOUSE|MELVIN||||HN|271329525A~NM1|82|1||||||XX|1962447805~NM1|TT|2|TX HEALTH & HUMAN SERVICES COMMI|||||PI|70051~MOA|||MA01|MA07~DTM|050|20141222~SVC|HC^99309|104|68.25||1~DTM|472|20141029~CAS|CO|45|16.95||253|1.39~CAS|PR|2|17.41~REF|LU|32~REF|6R|1326084142Z1~AMT|B6|87.05~CLP|221-968|19|104|68.25|17.41|MB|2814356877790|31|1~NM1|QC|1|HOWARD|LORETTA|L|||HN|374343945A~NM1|82|1||||||XX|1962447805~NM1|TT|2|TX HEALTH & HUMAN SERVICES COMMI|||||PI|70051~MOA|||MA01|MA27|MA07~DTM|050|20141222~SVC|HC^99309|104|68.25||1~DTM|472|20141113~CAS|CO|45|16.95||253|1.39~CAS|PR|2|17.41~REF|LU|31~REF|6R|1326086695Z1~AMT|B6|87.05~CLP|272-1176|19|155|90.82|23.17|MB|2914356285720|31|1~NM1|QC|1|HUCKABEE|CHARLES||||HN|461347627A~NM1|82|1||||||XX|1952303547~NM1|TT|2|AETNA, INC.|||||PI|00060~MOA|||MA01|MA18~DTM|050|20141222~SVC|HC^99310|155|90.82||1~DTM|472|20141110~CAS|CO|45|39.16||253|1.85~CAS|PR|2|23.17~REF|LU|31~REF|6R|1326333732Z1~AMT|B6|115.84~CLP|136-953|19|51|33.58|8.57|MB|2814356872470|32|1~NM1|QC|1|JEFFERY|JOHN|H|||HN|467644818A~NM1|82|1||||||XX|1962447805~NM1|TT|2|TX HEALTH & HUMAN SERVICES COMMI|||||PI|70051~MOA|||MA01|MA07~DTM|050|20141222~SVC|HC^99307|51|33.58||1~DTM|472|20141111~CAS|CO|45|8.16||253|.69~CAS|PR|2|8.57~REF|LU|32~REF|6R|1325837293Z1~AMT|B6|42.84~CLP|136-1038|19|104|68.25|17.41|MB|2814356876080|31|1~NM1|QC|1|JEFFERY|JOHN|H|||HN|467644818A~NM1|82|1||||||XX|1962447805~NM1|TT|2|TX HEALTH & HUMAN SERVICES COMMI|||||PI|70051~MOA|||MA01|MA07~DTM|050|20141222~SVC|HC^99309|104|68.25||1~DTM|472|20140924~CAS|CO|45|16.95||253|1.39~CAS|PR|2|17.41~REF|LU|31~REF|6R|1326085814Z1~AMT|B6|87.05~CLP|255-1005|19|104|61.06|15.58|MB|2814356873800|31|1~NM1|QC|1|JOHNSON|PEGGY||||HN|460526778A~NM1|82|1||||||XX|1952303547~NM1|TT|2|SIERRA HEALTH & LIFE INSURANCE C|||||PI|30096~MOA|||MA01|MA18~DTM|050|20141222~SVC|HC^99309|104|61.06||1~DTM|472|20141110~CAS|CO|45|26.11||253|1.25~CAS|PR|2|15.58~REF|LU|31~REF|6R|1326083975Z1~AMT|B6|77.89~CLP|255-974|19|79|51.8|13.21|MB|2814356874560|32|1~NM1|QC|1|JOHNSON|PEGGY||||HN|460526778A~NM1|82|1||||||XX|1962447805~NM1|TT|2|SIERRA HEALTH & LIFE INSURANCE C|||||PI|30096~MOA|||MA01|MA18~DTM|050|20141222~SVC|HC^99308|79|51.8||1~DTM|472|20141023~CAS|CO|45|12.93||253|1.06~CAS|PR|2|13.21~REF|LU|32~REF|6R|1326084089Z1~AMT|B6|66.07~CLP|207-1216|19|109|63.87|16.29|MB|2914356286120|33|1~NM1|QC|1|JOHNSON|ROSEMARY|R|||HN|462149741A~NM1|82|1||||||XX|1952303547~NM1|TT|2|UNITEDHEALTH GROUP|||||PI|30002~MOA|||MA01|MA18~DTM|050|20141222~SVC|HC^99335|109|63.87||1~DTM|472|20141022~CAS|CO|45|27.54||253|1.3~CAS|PR|2|16.29~REF|LU|33~REF|6R|1326367684Z1~AMT|B6|81.46~CLP|144-1142|19|79|51.8|13.21|MB|2814356872590|31|1~NM1|QC|1|JONES|FRANCES|C|||HN|254282932D6~NM1|82|1||||||XX|1962447805~NM1|TT|2|UNITEDHEALTH GROUP|||||PI|30002~MOA|||MA01|MA18~DTM|050|20141222~SVC|HC^99308|79|51.8||1~DTM|472|20141007~CAS|CO|45|12.93||253|1.06~CAS|PR|2|13.21~REF|LU|31~REF|6R|1325874067Z1~AMT|B6|66.07~CLP|144-1146|19|104|61.06|15.58|MB|2814356875260|31|1~NM1|QC|1|JONES|FRANCES|C|||HN|254282932D6~NM1|82|1||||||XX|1952303547~NM1|TT|2|UNITEDHEALTH GROUP|||||PI|30002~MOA|||MA01|MA18~DTM|050|20141222~SVC|HC^99309|104|61.06||1~DTM|472|20141022~CAS|CO|45|26.11||253|1.25~CAS|PR|2|15.58~REF|LU|31~REF|6R|1326084192Z1~AMT|B6|77.89~CLP|144-983|19|104|68.25|17.41|MB|2814356875960|31|1~NM1|QC|1|JONES|FRANCES|C|||HN|254282932D6~NM1|82|1||||||XX|1962447805~NM1|TT|2|UNITEDHEALTH GROUP|||||PI|30002~MOA|||MA01|MA18~DTM|050|20141222~SVC|HC^99309|104|68.25||1~DTM|472|20140925~CAS|CO|45|16.95||253|1.39~CAS|PR|2|17.41~REF|LU|31~REF|6R|1326085809Z1~AMT|B6|87.05~CLP|273-1177|19|104|61.06|15.58|MB|2914356285730|31|1~NM1|QC|1|JONES|NORAMAN|K|||HN|720074281A~NM1|82|1||||||XX|1952303547~NM1|TT|2|BLUE CROSS OF CALIFORNIA|||||PI|00170~MOA|||MA01|MA18~DTM|050|20141222~SVC|HC^99309|104|61.06||1~DTM|472|20141110~CAS|CO|45|26.11||253|1.25~CAS|PR|2|15.58~REF|LU|31~REF|6R|1326333733Z1~AMT|B6|77.89~CLP|273-1203|19|104|68.25|17.41|MB|2914356285790|31|1~NM1|QC|1|JONES|NORAMAN|K|||HN|720074281A~NM1|82|1||||||XX|1962447805~NM1|TT|2|BLUE CROSS OF CALIFORNIA|||||PI|00170~MOA|||MA01|MA18~DTM|050|20141222~SVC|HC^99309|104|68.25||1~DTM|472|20141106~CAS|CO|45|16.95||253|1.39~CAS|PR|2|17.41~REF|LU|31~REF|6R|1326348381Z1~AMT|B6|87.05~CLP|273-1210|19|104|61.06|15.58|MB|2914356285830|31|1~NM1|QC|1|JONES|NORAMAN|K|||HN|720074281A~NM1|82|1||||||XX|1952303547~NM1|TT|2|BLUE CROSS OF CALIFORNIA|||||PI|00170~MOA|||MA01|MA18~DTM|050|20141222~SVC|HC^99309|104|61.06||1~DTM|472|20141103~CAS|CO|45|26.11||253|1.25~CAS|PR|2|15.58~REF|LU|31~REF|6R|1326348385Z1~AMT|B6|77.89~CLP|273-1202|19|79|51.8|13.21|MB|2914356286100|31|1~NM1|QC|1|JONES|NORAMAN|K|||HN|720074281A~NM1|82|1||||||XX|1962447805~NM1|TT|2|BLUE CROSS OF CALIFORNIA|||||PI|00170~MOA|||MA01|MA18~DTM|050|20141222~SVC|HC^99308|79|51.8||1~DTM|472|20141030~CAS|CO|45|12.93||253|1.06~CAS|PR|2|13.21~REF|LU|31~REF|6R|1326367682Z1~AMT|B6|66.07~CLP|59-1021|19|109|63.87|16.29|MB|2814356874040|33|1~NM1|QC|1|KEILSON|GERALD|R|||HN|462301721A~NM1|82|1||||||XX|1952303547~NM1|TT|2|AMA INSURANCE AGENCY, INC.|||||PI|30150~MOA|||MA01|MA18~DTM|050|20141222~SVC|HC^99335|109|63.87||1~DTM|472|20141112~CAS|CO|45|27.54||253|1.3~CAS|PR|2|16.29~REF|LU|33~REF|6R|1326083983Z1~AMT|B6|81.46~CLP|59-1064|19|104|68.25|17.41|MB|2814356874540|31|1~NM1|QC|1|KEILSON|GERALD|R|||HN|462301721A~NM1|82|1||||||XX|1962447805~NM1|TT|2|AMA INSURANCE AGENCY, INC.|||||PI|30150~MOA|||MA01|MA18~DTM|050|20141222~SVC|HC^99309|104|68.25||1~DTM|472|20141030~CAS|CO|45|16.95||253|1.39~CAS|PR|2|17.41~REF|LU|31~REF|6R|1326084077Z1~AMT|B6|87.05~CLP|59-984|19|79|51.8|13.21|MB|2814356875990|31|1~NM1|QC|1|KEILSON|GERALD|R|||HN|462301721A~NM1|82|1||||||XX|1962447805~NM1|TT|2|AMA INSURANCE AGENCY, INC.|||||PI|30150~MOA|||MA01|MA18~DTM|050|20141222~SVC|HC^99308|79|51.8||1~DTM|472|20140925~CAS|CO|45|12.93||253|1.06~CAS|PR|2|13.21~REF|LU|31~REF|6R|1326085810Z1~AMT|B6|66.07~CLP|215-1071|19|104|68.25|17.41|MB|2814356874930|32|1~NM1|QC|1|KING|LOUISE||||HN|452523415A~NM1|82|1||||||XX|1962447805~NM1|TT|2|TX HEALTH & HUMAN SERVICES COMMI|||||PI|70051~MOA|||MA01|MA07~DTM|050|20141222~SVC|HC^99309|104|68.25||1~DTM|472|20141020~CAS|CO|45|16.95||253|1.39~CAS|PR|2|17.41~REF|LU|32~REF|6R|1326084150Z1~AMT|B6|87.05~CLP|153-975|19|104|68.25|17.41|MB|2814356872660|31|1~NM1|QC|1|KNIGHT|RENNIE||||HN|453423885A~NM1|82|1||||||XX|1962447805~NM1|TT|2|TX HEALTH & HUMAN SERVICES COMMI|||||PI|70051~MOA|||MA01|MA07~DTM|050|20141222~SVC|HC^99309|104|68.25||1~DTM|472|20141113~CAS|CO|45|16.95||253|1.39~CAS|PR|2|17.41~REF|LU|31~REF|6R|1325878258Z1~AMT|B6|87.05~CLP|153-976|19|104|68.25|17.41|MB|2814356875820|31|1~NM1|QC|1|KNIGHT|RENNIE||||HN|453423885A~NM1|82|1||||||XX|1962447805~NM1|TT|2|TX HEALTH & HUMAN SERVICES COMMI|||||PI|70051~MOA|||MA01|MA07~DTM|050|20141222~SVC|HC^99309|104|68.25||1~DTM|472|20140913~CAS|CO|45|16.95||253|1.39~CAS|PR|2|17.41~REF|LU|31~REF|6R|1326085803Z1~AMT|B6|87.05~CLP|245-868|19|234|152.6|38.93|MB|2814356875530|21|1~NM1|QC|1|LOVE|VICKIE|S|||HN|458438671A~NM1|82|1||||||XX|1962447805~NM1|TT|2|TX HEALTH & HUMAN SERVICES COMMI|||||PI|70051~MOA|||MA01|MA07~DTM|050|20141222~SVC|HC^99223|234|152.6||1~DTM|472|20141017~CAS|CO|45|39.36||253|3.11~CAS|PR|2|38.93~REF|LU|21~REF|6R|1326084292Z1~AMT|B6|194.64~CLP|245-870|19|120|78.09|19.92|MB|2814356875560|21|1~NM1|QC|1|LOVE|VICKIE|S|||HN|458438671A~NM1|82|1||||||XX|1962447805~NM1|TT|2|TX HEALTH & HUMAN SERVICES COMMI|||||PI|70051~MOA|||MA01|MA07~DTM|050|20141222~SVC|HC^99233|120|78.09||1~DTM|472|20141018~CAS|CO|45|20.4||253|1.59~CAS|PR|2|19.92~REF|LU|21~REF|6R|1326084293Z1~AMT|B6|99.6~CLP|245-872|19|123|80.52|20.54|MB|2814356875610|21|1~NM1|QC|1|LOVE|VICKIE|S|||HN|458438671A~NM1|82|1||||||XX|1962447805~NM1|TT|2|TX HEALTH & HUMAN SERVICES COMMI|||||PI|70051~MOA|||MA01|MA07~DTM|050|20141222~SVC|HC^99239|123|80.52||1~DTM|472|20141020~CAS|CO|45|20.3||253|1.64~CAS|PR|2|20.54~REF|LU|21~REF|6R|1326084296Z1~AMT|B6|102.7~CLP|158-1080|19|104|68.25|17.41|MB|2814356874810|32|1~NM1|QC|1|LUCKETT|MARY||||HN|523464493A~NM1|82|1||||||XX|1962447805~NM1|TT|2|TX HEALTH & HUMAN SERVICES COMMI|||||PI|70051~MOA|||MA01|MA07~DTM|050|20141222~SVC|HC^99309|104|68.25||1~DTM|472|20141020~CAS|CO|45|16.95||253|1.39~CAS|PR|2|17.41~REF|LU|32~REF|6R|1326084139Z1~AMT|B6|87.05~CLP|158-1113|19|104|68.25|17.41|MB|2814356877170|32|1~NM1|QC|1|LUCKETT|MARY||||HN|523464493A~NM1|82|1||||||XX|1962447805~NM1|TT|2|TX HEALTH & HUMAN SERVICES COMMI|||||PI|70051~MOA|||MA01|MA07~DTM|050|20141222~SVC|HC^99309|104|68.25||1~DTM|472|20140721~CAS|CO|45|16.95||253|1.39~CAS|PR|2|17.41~REF|LU|32~REF|6R|1326086245Z1~AMT|B6|87.05~CLP|161-1052|19|104|68.25|17.41|MB|2814356876940|31|1~NM1|QC|1|MALAKY|SOGHRA||||HN|457417307A~NM1|82|1||||||XX|1962447805~NM1|TT|2|TX HEALTH & HUMAN SERVICES COMMI|||||PI|70051~MOA|||MA01|MA07~DTM|050|20141222~SVC|HC^99309|104|68.25||1~DTM|472|20140715~CAS|CO|45|16.95||253|1.39~CAS|PR|2|17.41~REF|LU|31~REF|6R|1326086236Z1~AMT|B6|87.05~CLP|161-1053|19|104|68.25|17.41|MB|2814356877300|31|1~NM1|QC|1|MALAKY|SOGHRA||||HN|457417307A~NM1|82|1||||||XX|1962447805~NM1|TT|2|TX HEALTH & HUMAN SERVICES COMMI|||||PI|70051~MOA|||MA01|MA07~DTM|050|20141222~SVC|HC^99309|104|68.25||1~DTM|472|20140618~CAS|CO|45|16.95||253|1.39~CAS|PR|2|17.41~REF|LU|31~REF|6R|1326086300Z1~AMT|B6|87.05~CLP|5-1062|19|104|68.25|17.41|MB|2814356873300|31|1~NM1|QC|1|MALLINGER|ANNE|C|||HN|345102566D~NM1|82|1||||||XX|1962447805~NM1|TT|2|UNITEDHEALTH GROUP|||||PI|30002~MOA|||MA01|MA18~DTM|050|20141222~SVC|HC^99309|104|68.25||1~DTM|472|20141009~CAS|CO|45|16.95||253|1.39~CAS|PR|2|17.41~REF|LU|31~REF|6R|1325982404Z1~AMT|B6|87.05~CLP|5-1023|19|109|63.87|16.29|MB|2814356874060|33|1~NM1|QC|1|MALLINGER|ANNE|C|||HN|345102566D~NM1|82|1||||||XX|1952303547~NM1|TT|2|UNITEDHEALTH GROUP|||||PI|30002~MOA|||MA01|MA18~DTM|050|20141222~SVC|HC^99335|109|63.87||1~DTM|472|20141112~CAS|CO|45|27.54||253|1.3~CAS|PR|2|16.29~REF|LU|33~REF|6R|1326083984Z1~AMT|B6|81.46~CLP|5-1147|19|109|63.87|16.29|MB|2814356875290|33|1~NM1|QC|1|MALLINGER|ANNE|C|||HN|345102566D~NM1|82|1||||||XX|1952303547~NM1|TT|2|UNITEDHEALTH GROUP|||||PI|30002~MOA|||MA01|MA18~DTM|050|20141222~SVC|HC^99335|109|63.87||1~DTM|472|20141022~CAS|CO|45|27.54||253|1.3~CAS|PR|2|16.29~REF|LU|33~REF|6R|1326084193Z1~AMT|B6|81.46~CLP|25-1015|19|109|71.38|18.21|MB|2814356872690|33|1~NM1|QC|1|MARTINEZ|ROSA||||HN|564746716D~NM1|82|1||||||XX|1962447805~NM1|TT|2|TX HEALTH & HUMAN SERVICES COMMI|||||PI|70051~MOA|||MA01|MA07~DTM|050|20141222~SVC|HC^99335|109|71.38||1~DTM|472|20141030~CAS|CO|45|17.95||253|1.46~CAS|PR|2|18.21~REF|LU|33~REF|6R|1325879864Z1~AMT|B6|91.05~CLP|28-1033|1|79|51.8|13.21|MB|2814356872350|31|1~NM1|QC|1|MILBURN|RUBY|L|||HN|456096649D~NM1|82|1||||||XX|1962447805~MOA|||MA01~DTM|050|20141222~SVC|HC^99308|79|51.8||1~DTM|472|20140814~CAS|CO|45|12.93||253|1.06~CAS|PR|2|13.21~REF|LU|31~REF|6R|1325790902Z1~AMT|B6|66.07~CLP|28-1083|1|193|126.15|32.18|MB|2814356876790|31|1~NM1|QC|1|MILBURN|RUBY|L|||HN|456096649D~NM1|82|1||||||XX|1962447805~MOA|||MA01~DTM|050|20141222~SVC|HC^99306|193|126.15||1~DTM|472|20140817~CAS|CO|45|32.1||253|2.57~CAS|PR|2|32.18~REF|LU|31~REF|6R|1326086211Z1~AMT|B6|160.9~CLP|214-1178|19|104|61.06|15.58|MB|2914356285740|31|1~NM1|QC|1|MILLER|WILLIAM|C|||HN|458344463A~NM1|82|1||||||XX|1952303547~NM1|TT|2|AETNA, INC.|||||PI|00060~MOA|||MA01|MA18~DTM|050|20141222~SVC|HC^99309|104|61.06||1~DTM|472|20141110~CAS|CO|45|26.11||253|1.25~CAS|PR|2|15.58~REF|LU|31~REF|6R|1326333734Z1~AMT|B6|77.89~CLP|214-1211|19|104|61.06|15.58|MB|2914356285840|31|1~NM1|QC|1|MILLER|WILLIAM|C|||HN|458344463A~NM1|82|1||||||XX|1952303547~NM1|TT|2|AETNA, INC.|||||PI|00060~MOA|||MA01|MA18~DTM|050|20141222~SVC|HC^99309|104|61.06||1~DTM|472|20141103~CAS|CO|45|26.11||253|1.25~CAS|PR|2|15.58~REF|LU|31~REF|6R|1326348386Z1~AMT|B6|77.89~CLP|214-1162|19|79|51.8|13.21|MB|2914356285910|32|1~NM1|QC|1|MILLER|WILLIAM|C|||HN|458344463A~NM1|82|1||||||XX|1962447805~NM1|TT|2|AETNA, INC.|||||PI|00060~MOA|||MA01|MA18~DTM|050|20141222~SVC|HC^99308|79|51.8||1~DTM|472|20141023~CAS|CO|45|12.93||253|1.06~CAS|PR|2|13.21~REF|LU|32~REF|6R|1326364614Z1~AMT|B6|66.07~CLP|262-1067|1|104|61.06|15.58|MB|2814356874110|31|1~NM1|QC|1|MIZELL|BETTY|C|||HN|456521535A~NM1|82|1||||||XX|1952303547~MOA|||MA01~DTM|050|20141222~SVC|HC^99309|104|61.06||1~DTM|472|20141112~CAS|CO|45|26.11||253|1.25~CAS|PR|2|15.58~REF|LU|31~REF|6R|1326083986Z1~AMT|B6|77.89~CLP|29-1008|19|104|68.25|17.41|MB|2814356873240|31|1~NM1|QC|1|MOFFATT|RUBY|S|||HN|511149871B~NM1|82|1||||||XX|1962447805~NM1|TT|2|NORTH AMERICAN INSURANCE COMPANY|||||PI|30155~MOA|||MA01|MA18~DTM|050|20141222~SVC|HC^99309|104|68.25||1~DTM|472|20141027~CAS|CO|45|16.95||253|1.39~CAS|PR|2|17.41~REF|LU|31~REF|6R|1325982253Z1~AMT|B6|87.05~CLP|29-1132|19|104|61.06|15.58|MB|2814356874130|31|1~NM1|QC|1|MOFFATT|RUBY|S|||HN|511149871B~NM1|82|1||||||XX|1952303547~NM1|TT|2|NORTH AMERICAN INSURANCE COMPANY|||||PI|30155~MOA|||MA01|MA18~DTM|050|20141222~SVC|HC^99309|104|61.06||1~DTM|472|20141103~CAS|CO|45|26.11||253|1.25~CAS|PR|2|15.58~REF|LU|31~REF|6R|1326083987Z1~AMT|B6|77.89~CLP|29-958|19|79|51.8|13.21|MB|2814356874260|32|1~NM1|QC|1|MOFFATT|RUBY|S|||HN|511149871B~NM1|82|1||||||XX|1962447805~NM1|TT|2|NORTH AMERICAN INSURANCE COMPANY|||||PI|30155~MOA|||MA01|MA18~DTM|050|20141222~SVC|HC^99308|79|51.8||1~DTM|472|20141023~CAS|CO|45|12.93||253|1.06~CAS|PR|2|13.21~REF|LU|32~REF|6R|1326084065Z1~AMT|B6|66.07~CLP|29-1061|19|79|51.8|13.21|MB|2814356874490|31|1~NM1|QC|1|MOFFATT|RUBY|S|||HN|511149871B~NM1|82|1||||||XX|1962447805~NM1|TT|2|NORTH AMERICAN INSURANCE COMPANY|||||PI|30155~MOA|||MA01|MA18~DTM|050|20141222~SVC|HC^99308|79|51.8||1~DTM|472|20141030~CAS|CO|45|12.93||253|1.06~CAS|PR|2|13.21~REF|LU|31~REF|6R|1326084075Z1~AMT|B6|66.07~CLP|29-985|19|104|68.25|17.41|MB|2814356876010|31|1~NM1|QC|1|MOFFATT|RUBY|S|||HN|511149871B~NM1|82|1||||||XX|1962447805~NM1|TT|2|NORTH AMERICAN INSURANCE COMPANY|||||PI|30155~MOA|||MA01|MA18~DTM|050|20141222~SVC|HC^99309|104|68.25||1~DTM|472|20140925~CAS|CO|45|16.95||253|1.39~CAS|PR|2|17.41~REF|LU|31~REF|6R|1326085811Z1~AMT|B6|87.05~CLP|113-1134|19|51|30.05|7.67|MB|2814356874150|31|1~NM1|QC|1|MOORE|ERNEST|A|||HN|563407942A~NM1|82|1||||||XX|1952303547~NM1|TT|2|AETNA, INC.|||||PI|00060~MOA|||MA01|MA18~DTM|050|20141222~SVC|HC^99307|51|30.05||1~DTM|472|20141103~CAS|CO|45|12.67||253|.61~CAS|PR|2|7.67~REF|LU|31~REF|6R|1326083988Z1~AMT|B6|38.33~CLP|113-1063|19|79|51.8|13.21|MB|2814356874520|31|1~NM1|QC|1|MOORE|ERNEST|A|||HN|563407942A~NM1|82|1||||||XX|1962447805~NM1|TT|2|AETNA, INC.|||||PI|00060~MOA|||MA01|MA18~DTM|050|20141222~SVC|HC^99308|79|51.8||1~DTM|472|20141030~CAS|CO|45|12.93||253|1.06~CAS|PR|2|13.21~REF|LU|31~REF|6R|1326084076Z1~AMT|B6|66.07~CLP|52-1017|19|109|71.38|18.21|MB|2814356872520|33|1~NM1|QC|1|MORSE|TRACY||||HN|462420991A~NM1|82|1||||||XX|1962447805~NM1|TT|2|AETNA, INC.|||||PI|00060~MOA|||MA01|MA18~DTM|050|20141222~SVC|HC^99335|109|71.38||1~DTM|472|20141030~CAS|CO|45|17.95||253|1.46~CAS|PR|2|18.21~REF|LU|33~REF|6R|1325868005Z1~AMT|B6|91.05~CLP|231-1106|19|79|51.8|13.21|MB|2814356873170|31|1~NM1|QC|1|NGUYEN|BEIN|D|||HN|638323190A~NM1|82|1||||||XX|1962447805~NM1|TT|2|TX HEALTH & HUMAN SERVICES COMMI|||||PI|70051~MOA|||MA01|MA07~DTM|050|20141222~SVC|HC^99308|79|51.8||1~DTM|472|20141016~CAS|CO|45|12.93||253|1.06~CAS|PR|2|13.21~REF|LU|31~REF|6R|1325969573Z1~AMT|B6|66.07~CLP|231-1179|19|104|61.06|15.58|MB|2914356285750|31|1~NM1|QC|1|NGUYEN|BEIN|D|||HN|638323190A~NM1|82|1||||||XX|1952303547~NM1|TT|2|TX HEALTH & HUMAN SERVICES COMMI|||||PI|70051~MOA|||MA01|MA07~DTM|050|20141222~SVC|HC^99309|104|61.06||1~DTM|472|20141110~CAS|CO|45|26.11||253|1.25~CAS|PR|2|15.58~REF|LU|31~REF|6R|1326333735Z1~AMT|B6|77.89~CLP|231-1212|19|104|61.06|15.58|MB|2914356285850|31|1~NM1|QC|1|NGUYEN|BEIN|D|||HN|638323190A~NM1|82|1||||||XX|1952303547~NM1|TT|2|TX HEALTH & HUMAN SERVICES COMMI|||||PI|70051~MOA|||MA01|MA07~DTM|050|20141222~SVC|HC^99309|104|61.06||1~DTM|472|20141103~CAS|CO|45|26.11||253|1.25~CAS|PR|2|15.58~REF|LU|31~REF|6R|1326348387Z1~AMT|B6|77.89~CLP|231-1165|19|79|51.8|13.21|MB|2914356285930|32|1~NM1|QC|1|NGUYEN|BEIN|D|||HN|638323190A~NM1|82|1||||||XX|1962447805~NM1|TT|2|TX HEALTH & HUMAN SERVICES COMMI|||||PI|70051~MOA|||MA01|MA07~DTM|050|20141222~SVC|HC^99308|79|51.8||1~DTM|472|20141023~CAS|CO|45|12.93||253|1.06~CAS|PR|2|13.21~REF|LU|32~REF|6R|1326364616Z1~AMT|B6|66.07~CLP|231-1204|19|79|51.8|13.21|MB|2914356286110|31|1~NM1|QC|1|NGUYEN|BEIN|D|||HN|638323190A~NM1|82|1||||||XX|1962447805~NM1|TT|2|TX HEALTH & HUMAN SERVICES COMMI|||||PI|70051~MOA|||MA01|MA07~DTM|050|20141222~SVC|HC^99308|79|51.8||1~DTM|472|20141030~CAS|CO|45|12.93||253|1.06~CAS|PR|2|13.21~REF|LU|31~REF|6R|1326367683Z1~AMT|B6|66.07~CLP|46-1074|19|104|68.25|17.41|MB|2814356874740|32|1~NM1|QC|1|NORMAN|SUSAN|C|||HN|465116311A~NM1|82|1||||||XX|1962447805~NM1|TT|2|TX HEALTH & HUMAN SERVICES COMMI|||||PI|70051~MOA|||MA01|MA07~DTM|050|20141222~SVC|HC^99309|104|68.25||1~DTM|472|20141022~CAS|CO|45|16.95||253|1.39~CAS|PR|2|17.41~REF|LU|32~REF|6R|1326084136Z1~AMT|B6|87.05~CLP|46-1100|19|79|51.8|13.21|MB|2814356875140|32|1~NM1|QC|1|NORMAN|SUSAN|C|||HN|465116311A~NM1|82|1||||||XX|1962447805~NM1|TT|2|TX HEALTH & HUMAN SERVICES COMMI|||||PI|70051~MOA|||MA01|MA07~DTM|050|20141222~SVC|HC^99308|79|51.8||1~DTM|472|20141014~CAS|CO|45|12.93||253|1.06~CAS|PR|2|13.21~REF|LU|32~REF|6R|1326084188Z1~AMT|B6|66.07~CLP|46-1073|19|104|68.25|17.41|MB|2814356876540|32|1~NM1|QC|1|NORMAN|SUSAN|C|||HN|465116311A~NM1|82|1||||||XX|1962447805~NM1|TT|2|TX HEALTH & HUMAN SERVICES COMMI|||||PI|70051~MOA|||MA01|MA07~DTM|050|20141222~SVC|HC^99309|104|68.25||1~DTM|472|20140916~CAS|CO|45|16.95||253|1.39~CAS|PR|2|17.41~REF|LU|32~REF|6R|1326086129Z1~AMT|B6|87.05~CLP|178-977|19|104|68.25|17.41|MB|2814356872930|31|1~NM1|QC|1|OBANNON|ADELINE||||HN|313742151A~NM1|82|1||||||XX|1962447805~NM1|TT|2|TX HEALTH & HUMAN SERVICES COMMI|||||PI|70051~MOA|||MA01|MA07~DTM|050|20141222~SVC|HC^99309|104|68.25||1~DTM|472|20141113~CAS|CO|45|16.95||253|1.39~CAS|PR|2|17.41~REF|LU|31~REF|6R|1325935402Z1~AMT|B6|87.05~CLP|64-1039|19|109|71.38|18.21|MB|2814356876110|33|1~NM1|QC|1|OBENNOSKEY|WILLIAM|O|||HN|431609382A~NM1|82|1||||||XX|1962447805~NM1|TT|2|TX HEALTH & HUMAN SERVICES COMMI|||||PI|70051~MOA|||MA01|MA07~DTM|050|20141222~SVC|HC^99335|109|71.38||1~DTM|472|20140924~CAS|CO|45|17.95||253|1.46~CAS|PR|2|18.21~REF|LU|33~REF|6R|1326085815Z1~AMT|B6|91.05~CLP|243-1087|19|104|68.25|17.41|MB|2814356876620|31|1~NM1|QC|1|PACE|TONYA||||HN|461710577A~NM1|82|1||||||XX|1962447805~NM1|TT|2|TX HEALTH & HUMAN SERVICES COMMI|||||PI|70051~MOA|||MA01|MA07~DTM|050|20141222~SVC|HC^99309|104|68.25||1~DTM|472|20140905~CAS|CO|45|16.95||253|1.39~CAS|PR|2|17.41~REF|LU|31~REF|6R|1326086132Z1~AMT|B6|87.05~CLP|243-1121|19|104|68.25|17.41|MB|2814356876880|32|1~NM1|QC|1|PACE|TONYA||||HN|461710577A~NM1|82|1||||||XX|1962447805~NM1|TT|2|TX HEALTH & HUMAN SERVICES COMMI|||||PI|70051~MOA|||MA01|MA07~DTM|050|20141222~SVC|HC^99309|104|68.25||1~DTM|472|20140803~CAS|CO|45|16.95||253|1.39~CAS|PR|2|17.41~REF|LU|32~REF|6R|1326086214Z1~AMT|B6|87.05~CLP|20-956|19|104|68.25|17.41|MB|2814356874230|32|1~NM1|QC|1|PAGE|ROBERT|H|||HN|275349947A~NM1|82|1||||||XX|1962447805~NM1|TT|2|TX HEALTH & HUMAN SERVICES COMMI|||||PI|70051~MOA|||MA01|MA07~DTM|050|20141222~SVC|HC^99309|104|68.25||1~DTM|472|20141023~CAS|CO|45|16.95||253|1.39~CAS|PR|2|17.41~REF|LU|32~REF|6R|1326084064Z1~AMT|B6|87.05~CLP|206-1092|19|104|68.25|17.41|MB|2814356874900|32|1~NM1|QC|1|ROBERTS|MILTON||||HN|459741771A~NM1|82|1||||||XX|1962447805~NM1|TT|2|TX HEALTH & HUMAN SERVICES COMMI|||||PI|70051~MOA|||MA01|MA07~DTM|050|20141222~SVC|HC^99309|104|68.25||1~DTM|472|20141029~CAS|CO|45|16.95||253|1.39~CAS|PR|2|17.41~REF|LU|32~REF|6R|1326084143Z1~AMT|B6|87.05~CLP|31-1035|19|104|68.25|17.41|MB|2814356872290|32|1~NM1|QC|1|ROSS|RUTH|E|||HN|459603783D~NM1|82|1||||||XX|1962447805~NM1|TT|2|TX HEALTH & HUMAN SERVICES COMMI|||||PI|70051~MOA|||MA01|MA07~DTM|050|20141222~SVC|HC^99309|104|68.25||1~DTM|472|20140814~CAS|CO|45|16.95||253|1.39~CAS|PR|2|17.41~REF|LU|32~REF|6R|1325772404Z1~AMT|B6|87.05~CLP|31-988|19|79|51.8|13.21|MB|2814356874340|32|1~NM1|QC|1|ROSS|RUTH|E|||HN|459603783D~NM1|82|1||||||XX|1962447805~NM1|TT|2|TX HEALTH & HUMAN SERVICES COMMI|||||PI|70051~MOA|||MA01|MA07~DTM|050|20141222~SVC|HC^99308|79|51.8||1~DTM|472|20141027~CAS|CO|45|12.93||253|1.06~CAS|PR|2|13.21~REF|LU|32~REF|6R|1326084069Z1~AMT|B6|66.07~CLP|31-1076|19|104|68.25|17.41|MB|2814356874760|32|1~NM1|QC|1|ROSS|RUTH|E|||HN|459603783D~NM1|82|1||||||XX|1962447805~NM1|TT|2|TX HEALTH & HUMAN SERVICES COMMI|||||PI|70051~MOA|||MA01|MA07~DTM|050|20141222~SVC|HC^99309|104|68.25||1~DTM|472|20141022~CAS|CO|45|16.95||253|1.39~CAS|PR|2|17.41~REF|LU|32~REF|6R|1326084137Z1~AMT|B6|87.05~CLP|31-1096|19|79|51.8|13.21|MB|2814356875060|32|1~NM1|QC|1|ROSS|RUTH|E|||HN|459603783D~NM1|82|1||||||XX|1962447805~NM1|TT|2|TX HEALTH & HUMAN SERVICES COMMI|||||PI|70051~MOA|||MA01|MA07~DTM|050|20141222~SVC|HC^99308|79|51.8||1~DTM|472|20141014~CAS|CO|45|12.93||253|1.06~CAS|PR|2|13.21~REF|LU|32~REF|6R|1326084184Z1~AMT|B6|66.07~CLP|31-1075|19|104|68.25|17.41|MB|2814356876570|32|1~NM1|QC|1|ROSS|RUTH|E|||HN|459603783D~NM1|82|1||||||XX|1962447805~NM1|TT|2|TX HEALTH & HUMAN SERVICES COMMI|||||PI|70051~MOA|||MA01|MA07~DTM|050|20141222~SVC|HC^99309|104|68.25||1~DTM|472|20140916~CAS|CO|45|16.95||253|1.39~CAS|PR|2|17.41~REF|LU|32~REF|6R|1326086130Z1~AMT|B6|87.05~CLP|3-1007|19|70|40.79|10.4|MB|2814356873830|33|1~NM1|QC|1|ROTHSTEIN|AGATHA|R|||HN|539267482D~NM1|82|1||||||XX|1952303547~NM1|TT|2|AETNA, INC.|||||PI|00060~MOA|||MA01|MA18~DTM|050|20141222~SVC|HC^99334|70|40.79||1~DTM|472|20141110~CAS|CO|45|17.98||253|.83~CAS|PR|2|10.4~REF|LU|33~REF|6R|1326083976Z1~AMT|B6|52.02~CLP|134-1148|19|109|63.87|16.29|MB|2814356875310|33|1~NM1|QC|1|RUBIO|JANE||||HN|456449295B~NM1|82|1||||||XX|1952303547~NM1|TT|2|TX HEALTH & HUMAN SERVICES COMMI|||||PI|70051~MOA|||MA01|MA07~DTM|050|20141222~SVC|HC^99335|109|63.87||1~DTM|472|20141022~CAS|CO|45|27.54||253|1.3~CAS|PR|2|16.29~REF|LU|33~REF|6R|1326084194Z1~AMT|B6|81.46~CLP|134-1042|19|109|71.38|18.21|MB|2814356876160|33|1~NM1|QC|1|RUBIO|JANE||||HN|456449295B~NM1|82|1||||||XX|1962447805~NM1|TT|2|TX HEALTH & HUMAN SERVICES COMMI|||||PI|70051~MOA|||MA01|MA07~DTM|050|20141222~SVC|HC^99335|109|71.38||1~DTM|472|20140924~CAS|CO|45|17.95||253|1.46~CAS|PR|2|18.21~REF|LU|33~REF|6R|1326085817Z1~AMT|B6|91.05~CLP|23-1149|19|109|63.87|16.29|MB|2814356875340|33|1~NM1|QC|1|RUBIO|ROBERT||||HN|456449295A~NM1|82|1||||||XX|1952303547~NM1|TT|2|TX HEALTH & HUMAN SERVICES COMMI|||||PI|70051~MOA|||MA01|MA07~DTM|050|20141222~SVC|HC^99335|109|63.87||1~DTM|472|20141022~CAS|CO|45|27.54||253|1.3~CAS|PR|2|16.29~REF|LU|33~REF|6R|1326084195Z1~AMT|B6|81.46~CLP|23-1041|19|109|71.38|18.21|MB|2814356876140|33|1~NM1|QC|1|RUBIO|ROBERT||||HN|456449295A~NM1|82|1||||||XX|1962447805~NM1|TT|2|TX HEALTH & HUMAN SERVICES COMMI|||||PI|70051~MOA|||MA01|MA07~DTM|050|20141222~SVC|HC^99335|109|71.38||1~DTM|472|20140924~CAS|CO|45|17.95||253|1.46~CAS|PR|2|18.21~REF|LU|33~REF|6R|1326085816Z1~AMT|B6|91.05~CLP|50-1025|19|104|68.25|17.41|MB|2814356873430|32|1~NM1|QC|1|SANDERS|TONY|R|||HN|467086770A~NM1|82|1||||||XX|1962447805~NM1|TT|2|TX HEALTH & HUMAN SERVICES COMMI|||||PI|70051~MOA|||MA01|MA07~DTM|050|20141222~SVC|HC^99309|104|68.25||1~DTM|472|20140922~CAS|CO|45|16.95||253|1.39~CAS|PR|2|17.41~REF|LU|32~REF|6R|1325982414Z1~AMT|B6|87.05~CLP|50-1070|19|104|68.25|17.41|MB|2814356874700|32|1~NM1|QC|1|SANDERS|TONY|R|||HN|467086770A~NM1|82|1||||||XX|1962447805~NM1|TT|2|TX HEALTH & HUMAN SERVICES COMMI|||||PI|70051~MOA|||MA01|MA07~DTM|050|20141222~SVC|HC^99309|104|68.25||1~DTM|472|20141020~CAS|CO|45|16.95||253|1.39~CAS|PR|2|17.41~REF|LU|32~REF|6R|1326084133Z1~AMT|B6|87.05~CLP|33-1133|19|51|33.58|8.57|MB|2814356873400|32|1~NM1|QC|1|SAVANNAH|BILLY||||HN|439621087A~NM1|82|1||||||XX|1962447805~NM1|TT|2|TX HEALTH & HUMAN SERVICES COMMI|||||PI|70051~MOA|||MA01|MA07~DTM|050|20141222~SVC|HC^99307|51|33.58||1~DTM|472|20140924~CAS|CO|45|8.16||253|.69~CAS|PR|2|8.57~REF|LU|32~REF|6R|1325982413Z1~AMT|B6|42.84~CLP|33-1085|19|193|126.15|32.18|MB|2814356877010|32|1~NM1|QC|1|SAVANNAH|BILLY||||HN|439621087A~NM1|82|1||||||XX|1962447805~NM1|TT|2|TX HEALTH & HUMAN SERVICES COMMI|||||PI|70051~MOA|||MA01|MA07~DTM|050|20141222~SVC|HC^99306|193|126.15||1~DTM|472|20140716~CAS|CO|45|32.1||253|2.57~CAS|PR|2|32.18~REF|LU|32~REF|6R|1326086239Z1~AMT|B6|160.9~CLP|148-1031|19|79|51.8|13.21|MB|2814356872200|31|1~NM1|QC|1|SEASTRUNK|JUANITA|M|||HN|454387023A~NM1|82|1||||||XX|1962447805~NM1|TT|2|UNITEDHEALTHCARE|||||PI|00082~MOA|||MA01|MA18~DTM|050|20141222~SVC|HC^99308|79|51.8||1~DTM|472|20140814~CAS|CO|45|12.93||253|1.06~CAS|PR|2|13.21~REF|LU|31~REF|6R|1325744479Z1~AMT|B6|66.07~CLP|242-1086|19|104|68.25|17.41|MB|2814356876590|31|1~NM1|QC|1|SHARP|GEORGE||||HN|221240190A~NM1|82|1||||||XX|1962447805~NM1|TT|2|TX HEALTH & HUMAN SERVICES COMMI|||||PI|70051~MOA|||MA01|MA07~DTM|050|20141222~SVC|HC^99309|104|68.25||1~DTM|472|20140905~CAS|CO|45|16.95||253|1.39~CAS|PR|2|17.41~REF|LU|31~REF|6R|1326086131Z1~AMT|B6|87.05~CLP|242-1124|19|104|68.25|17.41|MB|2814356876910|32|1~NM1|QC|1|SHARP|GEORGE||||HN|221240190A~NM1|82|1||||||XX|1962447805~NM1|TT|2|TX HEALTH & HUMAN SERVICES COMMI|||||PI|70051~MOA|||MA01|MA07~DTM|050|20141222~SVC|HC^99309|104|68.25||1~DTM|472|20140813~CAS|CO|45|16.95||253|1.39~CAS|PR|2|17.41~REF|LU|32~REF|6R|1326086215Z1~AMT|B6|87.05~CLP|107-1150|19|109|63.87|16.29|MB|2814356875710|33|1~NM1|QC|1|SHERIDAN|EDNA|V|||HN|486241601A~NM1|82|1||||||XX|1952303547~NM1|TT|2|HCSC-BCBS OF IL,OTHER B ONLY|||||PI|00041~MOA|||MA01|MA18~DTM|050|20141222~SVC|HC^99335|109|63.87||1~DTM|472|20141022~CAS|CO|45|27.54||253|1.3~CAS|PR|2|16.29~REF|LU|33~REF|6R|1326084301Z1~AMT|B6|81.46~CLP|269-1154|19|84|55|14.03|MB|2914356285640|31|1~NM1|QC|1|SIMON|CANDI||||HN|449651029A~NM1|82|1||||||XX|1962447805~NM1|TT|2|TX HEALTH & HUMAN SERVICES COMMI|||||PI|70051~MOA|||MA01|MA07~DTM|050|20141222~SVC|HC^99315|84|55||1~DTM|472|20141115~CAS|CO|45|13.85||253|1.12~CAS|PR|2|14.03~REF|LU|31~REF|6R|1326333723Z1~AMT|B6|70.15~CLP|269-1155|19|193|126.15|32.18|MB|2914356285650|31|1~NM1|QC|1|SIMON|CANDI||||HN|449651029A~NM1|82|1||||||XX|1962447805~NM1|TT|2|TX HEALTH & HUMAN SERVICES COMMI|||||PI|70051~MOA|||MA01|MA07~DTM|050|20141222~SVC|HC^99306|193|126.15||1~DTM|472|20141106~CAS|CO|45|32.1||253|2.57~CAS|PR|2|32.18~REF|LU|31~REF|6R|1326333724Z1~AMT|B6|160.9~CLP|269-1156|19|104|68.25|17.41|MB|2914356285660|31|1~NM1|QC|1|SIMON|CANDI||||HN|449651029A~NM1|82|1||||||XX|1962447805~NM1|TT|2|TX HEALTH & HUMAN SERVICES COMMI|||||PI|70051~MOA|||MA01|MA07~DTM|050|20141222~SVC|HC^99309|104|68.25||1~DTM|472|20141111~CAS|CO|45|16.95||253|1.39~CAS|PR|2|17.41~REF|LU|31~REF|6R|1326333725Z1~AMT|B6|87.05~CLP|269-1157|19|104|68.25|17.41|MB|2914356285670|31|1~NM1|QC|1|SIMON|CANDI||||HN|449651029A~NM1|82|1||||||XX|1962447805~NM1|TT|2|TX HEALTH & HUMAN SERVICES COMMI|||||PI|70051~MOA|||MA01|MA07~DTM|050|20141222~SVC|HC^99309|104|68.25||1~DTM|472|20141114~CAS|CO|45|16.95||253|1.39~CAS|PR|2|17.41~REF|LU|31~REF|6R|1326333726Z1~AMT|B6|87.05~CLP|269-1158|19|104|68.25|17.41|MB|2914356285680|31|1~NM1|QC|1|SIMON|CANDI||||HN|449651029A~NM1|82|1||||||XX|1962447805~NM1|TT|2|TX HEALTH & HUMAN SERVICES COMMI|||||PI|70051~MOA|||MA01|MA07~DTM|050|20141222~SVC|HC^99309|104|68.25||1~DTM|472|20141119~CAS|CO|45|16.95||253|1.39~CAS|PR|2|17.41~REF|LU|31~REF|6R|1326333727Z1~AMT|B6|87.05~CLP|38-990|19|79|51.8|13.21|MB|2814356874380|32|1~NM1|QC|1|SMITH|IVORY|D|||HN|466683089A~NM1|82|1||||||XX|1962447805~NM1|TT|2|TX HEALTH & HUMAN SERVICES COMMI|||||PI|70051~MOA|||MA01|MA07~DTM|050|20141222~SVC|HC^99308|79|51.8||1~DTM|472|20141027~CAS|CO|45|12.93||253|1.06~CAS|PR|2|13.21~REF|LU|32~REF|6R|1326084071Z1~AMT|B6|66.07~CLP|38-1098|19|79|51.8|13.21|MB|2814356875110|32|1~NM1|QC|1|SMITH|IVORY|D|||HN|466683089A~NM1|82|1||||||XX|1962447805~NM1|TT|2|TX HEALTH & HUMAN SERVICES COMMI|||||PI|70051~MOA|||MA01|MA07~DTM|050|20141222~SVC|HC^99308|79|51.8||1~DTM|472|20141014~CAS|CO|45|12.93||253|1.06~CAS|PR|2|13.21~REF|LU|32~REF|6R|1326084186Z1~AMT|B6|66.07~CLP|149-989|19|79|51.8|13.21|MB|2814356874360|32|1~NM1|QC|1|SMITH|KAREN||||HN|464080734A~NM1|82|1||||||XX|1962447805~NM1|TT|2|TX HEALTH & HUMAN SERVICES COMMI|||||PI|70051~MOA|||MA01|MA07~DTM|050|20141222~SVC|HC^99308|79|51.8||1~DTM|472|20141027~CAS|CO|45|12.93||253|1.06~CAS|PR|2|13.21~REF|LU|32~REF|6R|1326084070Z1~AMT|B6|66.07~CLP|149-1081|19|122|78.75|20.09|MB|2814356874960|32|1~NM1|QC|1|SMITH|KAREN||||HN|464080734A~NM1|82|1||||||XX|1962447805~NM1|TT|2|TX HEALTH & HUMAN SERVICES COMMI|||||PI|70051~MOA|||MA01|MA07~DTM|050|20141222~SVC|HC^99309^25|104|68.25||1~DTM|472|20141020~CAS|CO|45|16.95||253|1.39~CAS|PR|2|17.41~REF|LU|32~REF|6R|1326084180Z1~AMT|B6|87.05~SVC|HC^99406|18|10.5||1~DTM|472|20141020~CAS|CO|45|4.61||253|.21~CAS|PR|2|2.68~REF|LU|32~REF|6R|1326084180Z2~AMT|B6|13.39~CLP|149-1097|19|79|51.8|13.21|MB|2814356875080|32|1~NM1|QC|1|SMITH|KAREN||||HN|464080734A~NM1|82|1||||||XX|1962447805~NM1|TT|2|TX HEALTH & HUMAN SERVICES COMMI|||||PI|70051~MOA|||MA01|MA07~DTM|050|20141222~SVC|HC^99308|79|51.8||1~DTM|472|20141014~CAS|CO|45|12.93||253|1.06~CAS|PR|2|13.21~REF|LU|32~REF|6R|1326084185Z1~AMT|B6|66.07~CLP|149-1101|19|104|68.25|17.41|MB|2814356876820|32|1~NM1|QC|1|SMITH|KAREN||||HN|464080734A~NM1|82|1||||||XX|1962447805~NM1|TT|2|TX HEALTH & HUMAN SERVICES COMMI|||||PI|70051~MOA|||MA01|MA07~DTM|050|20141222~SVC|HC^99309|104|68.25||1~DTM|472|20140811~CAS|CO|45|16.95||253|1.39~CAS|PR|2|17.41~REF|LU|32~REF|6R|1326086212Z1~AMT|B6|87.05~CLP|85-1020|19|109|71.38|18.21|MB|2814356873270|33|1~NM1|QC|1|SNOW|CAROLYN||||HN|442403577A~NM1|82|1||||||XX|1962447805~NM1|TT|2|TX HEALTH & HUMAN SERVICES COMMI|||||PI|70051~MOA|||MA01|MA07~DTM|050|20141222~SVC|HC^99335|109|71.38||1~DTM|472|20141030~CAS|CO|45|17.95||253|1.46~CAS|PR|2|18.21~REF|LU|33~REF|6R|1325982254Z1~AMT|B6|91.05~CLP|45-947|19|109|71.38|18.21|MB|2814356873540|33|1~NM1|QC|1|STANSBURY|LAWRANCE||||HN|351408635A~NM1|82|1||||||XX|1962447805~NM1|TT|2|TX HEALTH & HUMAN SERVICES COMMI|||||PI|70051~MOA|||MA01|MA07~DTM|050|20141222~SVC|HC^99335|109|71.38||1~DTM|472|20141118~CAS|CO|45|17.95||253|1.46~CAS|PR|2|18.21~REF|LU|33~REF|6R|1325983272Z1~AMT|B6|91.05~CLP|250-972|1|84|55|14.03|MB|2814356873670|31|1~NM1|QC|1|STARNES|JACK||||HN|585166236A~NM1|82|1||||||XX|1962447805~MOA|||MA01~DTM|050|20141222~SVC|HC^99315|84|55||1~DTM|472|20141115~CAS|CO|45|13.85||253|1.12~CAS|PR|2|14.03~REF|LU|31~REF|6R|1326083836Z1~AMT|B6|70.15~CLP|109-979|19|104|68.25|17.41|MB|2814356876270|31|1~NM1|QC|1|SUMMERVILLE|EILEEN|J|||HN|074182187A~NM1|82|1||||||XX|1962447805~NM1|TT|2|SIERRA HEALTH & LIFE INSURANCE C|||||PI|30096~MOA|||MA01|MA18~DTM|050|20141222~SVC|HC^99309|104|68.25||1~DTM|472|20140925~CAS|CO|45|16.95||253|1.39~CAS|PR|2|17.41~REF|LU|31~REF|6R|1326086072Z1~AMT|B6|87.05~CLP|47-1055|19|104|68.25|17.41|MB|2814356877660|32|1~NM1|QC|1|THOMAS|JIMMIE M||||HN|427101367D~NM1|82|1||||||XX|1962447805~NM1|TT|2|TX HEALTH & HUMAN SERVICES COMMI|||||PI|70051~MOA|||MA01|MA07~DTM|050|20141222~SVC|HC^99309|104|68.25||1~DTM|472|20140510~CAS|CO|45|16.95||253|1.39~CAS|PR|2|17.41~REF|LU|32~REF|6R|1326086331Z1~AMT|B6|87.05~CLP|105-1010|19|155|101.51|25.89|MB|2814356872420|31|1~NM1|QC|1|THOMPSON|DORIS|W|||HN|466443779A~NM1|82|1||||||XX|1962447805~NM1|TT|2|CHCS SERVICES INC|||||PI|80255~MOA|||MA01|MA18~DTM|050|20141222~SVC|HC^99310|155|101.51||1~DTM|472|20141027~CAS|CO|45|25.53||253|2.07~CAS|PR|2|25.89~REF|LU|31~REF|6R|1325829604Z1~AMT|B6|129.47~CLP|105-1009|19|104|61.06|15.58|MB|2814356873850|31|1~NM1|QC|1|THOMPSON|DORIS|W|||HN|466443779A~NM1|82|1||||||XX|1952303547~NM1|TT|2|CHCS SERVICES INC|||||PI|80255~MOA|||MA01|MA18~DTM|050|20141222~SVC|HC^99309|104|61.06||1~DTM|472|20141110~CAS|CO|45|26.11||253|1.25~CAS|PR|2|15.58~REF|LU|31~REF|6R|1326083977Z1~AMT|B6|77.89~CLP|105-1137|19|104|61.06|15.58|MB|2814356874190|31|1~NM1|QC|1|THOMPSON|DORIS|W|||HN|466443779A~NM1|82|1||||||XX|1952303547~NM1|TT|2|CHCS SERVICES INC|||||PI|80255~MOA|||MA01|MA18~DTM|050|20141222~SVC|HC^99309|104|61.06||1~DTM|472|20141103~CAS|CO|45|26.11||253|1.25~CAS|PR|2|15.58~REF|LU|31~REF|6R|1326083990Z1~AMT|B6|77.89~CLP|105-1066|19|104|68.25|17.41|MB|2814356874630|31|1~NM1|QC|1|THOMPSON|DORIS|W|||HN|466443779A~NM1|82|1||||||XX|1962447805~NM1|TT|2|CHCS SERVICES INC|||||PI|80255~MOA|||MA01|MA18~DTM|050|20141222~SVC|HC^99309|104|68.25||1~DTM|472|20141030~CAS|CO|45|16.95||253|1.39~CAS|PR|2|17.41~REF|LU|31~REF|6R|1326084130Z1~AMT|B6|87.05~CLP|84-1011|19|109|63.87|16.29|MB|2814356873880|33|1~NM1|QC|1|TIRADO|CAROLYN|L|||HN|458503439A~NM1|82|1||||||XX|1952303547~NM1|TT|2|HCSC-BCBS OF TX-OTHER B ONLY|||||PI|00044~MOA|||MA01|MA18~DTM|050|20141222~SVC|HC^99335|109|63.87||1~DTM|472|20141110~CAS|CO|45|27.54||253|1.3~CAS|PR|2|16.29~REF|LU|33~REF|6R|1326083978Z1~AMT|B6|81.46~CLP|84-1045|19|154|100.69|25.69|MB|2814356876210|33|1~NM1|QC|1|TIRADO|CAROLYN|L|||HN|458503439A~NM1|82|1||||||XX|1962447805~NM1|TT|2|HCSC-BCBS OF TX-OTHER B ONLY|||||PI|00044~MOA|||MA01|MA18~DTM|050|20141222~SVC|HC^99336|154|100.69||1~DTM|472|20140924~CAS|CO|45|25.57||253|2.05~CAS|PR|2|25.69~REF|LU|33~REF|6R|1326085819Z1~AMT|B6|128.43~CLP|274-1180|19|155|90.82|23.17|MB|2914356285760|31|1~NM1|QC|1|VINSON|BOLEKA|M|||HN|643580877T~NM1|82|1||||||XX|1952303547~NM1|TT|2|TX HEALTH & HUMAN SERVICES COMMI|||||PI|70051~MOA|||MA01|MA07~DTM|050|20141222~SVC|HC^99310|155|90.82||1~DTM|472|20141110~CAS|CO|45|39.16||253|1.85~CAS|PR|2|23.17~REF|LU|31~REF|6R|1326333736Z1~AMT|B6|115.84~CLP|274-1193|19|104|68.25|17.41|MB|2914356286030|31|1~NM1|QC|1|VINSON|BOLEKA|M|||HN|643580877T~NM1|82|1||||||XX|1962447805~NM1|TT|2|TX HEALTH & HUMAN SERVICES COMMI|||||PI|70051~MOA|||MA01|MA07~DTM|050|20141222~SVC|HC^99309|104|68.25||1~DTM|472|20141030~CAS|CO|45|16.95||253|1.39~CAS|PR|2|17.41~REF|LU|31~REF|6R|1326364626Z1~AMT|B6|87.05~CLP|274-1218|19|79|46.35|11.82|MB|2914356286140|31|1~NM1|QC|1|VINSON|BOLEKA|M|||HN|643580877T~NM1|82|1||||||XX|1952303547~NM1|TT|2|TX HEALTH & HUMAN SERVICES COMMI|||||PI|70051~MOA|||MA01|MA07~DTM|050|20141222~SVC|HC^99308|79|46.35||1~DTM|472|20141022~CAS|CO|45|19.88||253|.95~CAS|PR|2|11.82~REF|LU|31~REF|6R|1326367686Z1~AMT|B6|59.12~CLP|184-1082|19|104|68.25|17.41|MB|2814356874830|32|1~NM1|QC|1|WARREN|PAULINE||||HN|460100892D~NM1|82|1||||||XX|1962447805~NM1|TT|2|TX HEALTH & HUMAN SERVICES COMMI|||||PI|70051~MOA|||MA01|MA07~DTM|050|20141222~SVC|HC^99309|104|68.25||1~DTM|472|20141020~CAS|CO|45|16.95||253|1.39~CAS|PR|2|17.41~REF|LU|32~REF|6R|1326084140Z1~AMT|B6|87.05~CLP|184-1151|19|109|63.87|16.29|MB|2814356875740|33|1~NM1|QC|1|WARREN|PAULINE||||HN|460100892D~NM1|82|1||||||XX|1952303547~NM1|TT|2|TX HEALTH & HUMAN SERVICES COMMI|||||PI|70051~MOA|||MA01|MA07~DTM|050|20141222~SVC|HC^99335|109|63.87||1~DTM|472|20141022~CAS|CO|45|27.54||253|1.3~CAS|PR|2|16.29~REF|LU|33~REF|6R|1326084302Z1~AMT|B6|81.46~CLP|181-960|19|104|68.25|17.41|MB|2814356873560|31|1~NM1|QC|1|WILLIAMS|OSCAR|D|||HN|449343970A~NM1|82|1||||||XX|1962447805~NM1|TT|2|TX HEALTH & HUMAN SERVICES COMMI|||||PI|70051~MOA|||MA01|MA07~DTM|050|20141222~SVC|HC^99309|104|68.25||1~DTM|472|20141116~CAS|CO|45|16.95||253|1.39~CAS|PR|2|17.41~REF|LU|31~REF|6R|1325983274Z1~AMT|B6|87.05~CLP|181-1014|19|109|63.87|16.29|MB|2814356873910|33|1~NM1|QC|1|WILLIAMS|OSCAR|D|||HN|449343970A~NM1|82|1||||||XX|1952303547~NM1|TT|2|TX HEALTH & HUMAN SERVICES COMMI|||||PI|70051~MOA|||MA01|MA07~DTM|050|20141222~SVC|HC^99335|109|63.87||1~DTM|472|20141110~CAS|CO|45|27.54||253|1.3~CAS|PR|2|16.29~REF|LU|33~REF|6R|1326083979Z1~AMT|B6|81.46~CLP|181-1046|19|109|71.38|18.21|MB|2814356876240|33|1~NM1|QC|1|WILLIAMS|OSCAR|D|||HN|449343970A~NM1|82|1||||||XX|1962447805~NM1|TT|2|TX HEALTH & HUMAN SERVICES COMMI|||||PI|70051~MOA|||MA01|MA07~DTM|050|20141222~SVC|HC^99335|109|71.38||1~DTM|472|20140924~CAS|CO|45|17.95||253|1.46~CAS|PR|2|18.21~REF|LU|33~REF|6R|1326085820Z1~AMT|B6|91.05~CLP|157-1024|1|222|129.81|33.11|MB|2814356874080|33|1~NM1|QC|1|WOFFORD|LORENE||||HN|466264732D~NM1|82|1||||||XX|1952303547~MOA|||MA01~DTM|050|20141222~SVC|HC^99337|222|129.81||1~DTM|472|20141112~CAS|CO|45|56.43||253|2.65~CAS|PR|2|33.11~REF|LU|33~REF|6R|1326083985Z1~AMT|B6|165.57~CLP|67-1054|19|155|101.51|25.89|MB|2814356876960|32|1~NM1|QC|1|WORDLAW|LISA||||HN|452279395A~NM1|82|1||||||XX|1962447805~NM1|TT|2|TX HEALTH & HUMAN SERVICES COMMI|||||PI|70051~MOA|||MA01|MA07~DTM|050|20141222~SVC|HC^99310|155|101.51||1~DTM|472|20140728~CAS|CO|45|25.53||253|2.07~CAS|PR|2|25.89~REF|LU|32~REF|6R|1326086237Z1~AMT|B6|129.47~CLP|13-1016|19|222|129.81|33.11|MB|2814356873940|33|1~NM1|QC|1|WREN|BILLIE|N|||HN|523465985A~NM1|82|1||||||XX|1952303547~NM1|TT|2|TX HEALTH & HUMAN SERVICES COMMI|||||PI|70051~MOA|||MA01|MA07~DTM|050|20141222~SVC|HC^99337|222|129.81||1~DTM|472|20141110~CAS|CO|45|56.43||253|2.65~CAS|PR|2|33.11~REF|LU|33~REF|6R|1326083980Z1~AMT|B6|165.57~CLP|13-1152|19|109|63.87|16.29|MB|2814356875770|33|1~NM1|QC|1|WREN|BILLIE|N|||HN|523465985A~NM1|82|1||||||XX|1952303547~NM1|TT|2|TX HEALTH & HUMAN SERVICES COMMI|||||PI|70051~MOA|||MA01|MA07~DTM|050|20141222~SVC|HC^99335|109|63.87||1~DTM|472|20141022~CAS|CO|45|27.54||253|1.3~CAS|PR|2|16.29~REF|LU|33~REF|6R|1326084303Z1~AMT|B6|81.46~CLP|68-1219|19|109|71.38|18.21|MB|2914356286150|33|1~NM1|QC|1|YOUNG|AUDREY||||HN|449683350A~NM1|82|1||||||XX|1962447805~NM1|TT|2|UNITEDHEALTH GROUP|||||PI|30002~MOA|||MA01|MA18~DTM|050|20141222~SVC|HC^99335|109|71.38||1~DTM|472|20141016~CAS|CO|45|17.95||253|1.46~CAS|PR|2|18.21~REF|LU|33~REF|6R|1326367687Z1~AMT|B6|91.05~CLP|69-795|19|120|78.09|19.92|MB|2814356876370|21|1~NM1|QC|1|ZEPEDA|MARIA|L|||HN|458052952A~NM1|82|1||||||XX|1962447805~NM1|TT|2|TX HEALTH & HUMAN SERVICES COMMI|||||PI|70051~MOA|||MA01|MA07~DTM|050|20141222~SVC|HC^99233|120|78.09||1~DTM|472|20140923~CAS|CO|45|20.4||253|1.59~CAS|PR|2|19.92~REF|LU|21~REF|6R|1326086120Z1~AMT|B6|99.6~CLP|69-796|19|120|78.09|19.92|MB|2814356876400|21|1~NM1|QC|1|ZEPEDA|MARIA|L|||HN|458052952A~NM1|82|1||||||XX|1962447805~NM1|TT|2|TX HEALTH & HUMAN SERVICES COMMI|||||PI|70051~MOA|||MA01|MA07~DTM|050|20141222~SVC|HC^99233|120|78.09||1~DTM|472|20140924~CAS|CO|45|20.4||253|1.59~CAS|PR|2|19.92~REF|LU|21~REF|6R|1326086121Z1~AMT|B6|99.6~CLP|69-797|19|83|54.18|13.82|MB|2814356876420|21|1~NM1|QC|1|ZEPEDA|MARIA|L|||HN|458052952A~NM1|82|1||||||XX|1962447805~NM1|TT|2|TX HEALTH & HUMAN SERVICES COMMI|||||PI|70051~MOA|||MA01|MA07~DTM|050|20141222~SVC|HC^99232|83|54.18||1~DTM|472|20140925~CAS|CO|45|13.89||253|1.11~CAS|PR|2|13.82~REF|LU|21~REF|6R|1326086122Z1~AMT|B6|69.11~CLP|69-798|19|226|147.26|37.56|MB|2814356876440|21|1~NM1|QC|1|ZEPEDA|MARIA|L|||HN|458052952A~NM1|82|1||||||XX|1962447805~NM1|TT|2|TX HEALTH & HUMAN SERVICES COMMI|||||PI|70051~MOA|||MA01|MA07~DTM|050|20141222~SVC|HC^99233^25|120|78.09||1~DTM|472|20140926~CAS|CO|45|20.4||253|1.59~CAS|PR|2|19.92~REF|LU|21~REF|6R|1326086123Z1~AMT|B6|99.6~SVC|HC^99356|106|69.17||1~DTM|472|20140926~CAS|CO|45|17.78||253|1.41~CAS|PR|2|17.64~REF|LU|21~REF|6R|1326086123Z2~AMT|B6|88.22~CLP|69-799|19|123|80.52|20.54|MB|2814356876460|21|1~NM1|QC|1|ZEPEDA|MARIA|L|||HN|458052952A~NM1|82|1||||||XX|1962447805~NM1|TT|2|TX HEALTH & HUMAN SERVICES COMMI|||||PI|70051~MOA|||MA01|MA07~DTM|050|20141222~SVC|HC^99239|123|80.52||1~DTM|472|20140927~CAS|CO|45|20.3||253|1.64~CAS|PR|2|20.54~REF|LU|21~REF|6R|1326086124Z1~AMT|B6|102.7~SE|2457|0001~GE|1|417~IEA|1|000000422~