ISA|00|          |00|          |ZZ|ZIRMED         |30|611340767      |150224|0835|U|00401|000000642|0|P|^~GS|HP|ZIRMED|611340767|20150224|0835|637|X|004010X091A1~ST|835|0001~BPR|I|69.99|C|ACH|CCP|01|011900445|DA|0000009046|1066033492||01|111000025|DA|488038453432|20150227~TRN|1|815054540003245|1066033492~REF|EV|611340767~DTM|405|20150224~N1|PR|AETNA~N3|151 FARMINGTON AVENUE~N4|HARTFORD|CT|06156~N1|PE|KETHA, SUMANA|XX|1063835361~N3|2925 SKYWAY CIR N~N4|IRVING|TX|750383510~REF|PQ|762610840~REF|TJ|464596718~LX|1~TS3|1063835361|31|20151231|1|104~CLP|364-2056|2|104|69.99|17.5|15|EXTWKKZ4X0000|31|1~NM1|QC|1|JACKSON|MARIAN|A|||MI|463181950D~NM1|74|1||||||C|W058767023~NM1|82|1|KETHA|SUMANA||||XX|1063835361~REF|1L|0895980-030-00100-CI~REF|CE|TRADITIONAL CHOICE~DTM|232|20150115~DTM|233|20150115~DTM|050|20150210~PER|CX||TE|8886323862~AMT|AU|104~SVC|HC^99309|104|69.99||1~DTM|472|20150115~CAS|OA|23|16.51~CAS|PR|2|17.5~REF|6R|1360887593Z1~AMT|B6|87.49~SE|33|0001~GE|1|637~IEA|1|000000642~