ISA|00|          |00|          |ZZ|ZIRMED         |29|E12705         |150819|0217|U|00401|000001229|0|P|^~GS|HP|ZIRMED|E12705|20150819|0217|1224|X|004010X091A1~ST|835|0001~BPR|I|81.14|C|ACH|CCP|01|081517693|DA|152302017594|1205296137||01|111000025|DA|488038453432|20150819~TRN|1|890797614|1205296137~REF|EV|E12705~DTM|405|20150818~N1|PR|NOVITAS SOLUTIONS, INC.~N3|PO BOX 3110~N4|MECHANICSBURG|PA|170551826~REF|2U|04412~PER|CX||TE|8552528782~N1|PE|DFW GERIATRICS PLLC|XX|1063835361~N3|2925 SKYWAY CIRCLE NORTH~N4|IRVING|TX|750383510~REF|TJ|464596718~LX|1~CLP|320-3533|1|130|81.14|20.7|MB|2815217118550|11|1~NM1|QC|1|VILLALPANDO|DIANA||||HN|457412151A~NM1|82|1||||||XX|1962447805~MOA|||MA01~DTM|050|20150805~SVC|HC^99214|130|81.14||1~DTM|472|20150522~CAS|CO|45|26.5||253|1.66~CAS|PR|2|20.7~REF|6R|1518180523Z1~REF|LU|11~AMT|B6|103.5~SE|28|0001~GE|1|1224~IEA|1|000001229~