ISA|00|          |00|          |ZZ|ZIRMED         |ZZ|GATE0084       |150519|0909|U|00401|000000916|1|P|^~GS|HP|ZIRMED|GATE0084|20150519|0909|911|X|004010X091A1~ST|835|0001~BPR|I|53.92|C|CHK||||||||||||20150515~TRN|1|PG46353238|1411289245|000087726~DTM|405|20150515~N1|PR|UNITED HEALTHCARE INSURANCE COMPANY|XV|87726~N3|SPRINGFIELD SERVICE CENTER|P O BOX 30555~N4|SALT LAKE CITY|UT|841300555~REF|2U|87726~PER|CX|SPRINGFIELD SERVICE CENTER|TE|8778423210~N1|PE|SUMANA KETHA|XX|1063835361~N3|2925 SKYWAY CIR N~N4|IRVING|TX|750380000~REF|TJ|464596718~LX|1~TS3|1063835361|11|20151231|1|88~CLP|2322-2802|1|88|53.92|25|14|5047276870 0005864190|11|1~NM1|QC|1|KEOMANIVONG|RENA~NM1|IL|1|KEOMANIVONG|RENA||||MI|966664425~NM1|74|1||PON~NM1|82|1|KETHA|SUMANA||||XX|1962447805~REF|1L|700160~REF|CE|CHOYC~DTM|050|20150511~DTM|232|20150406~AMT|AU|88~SVC|HC^99213|88|53.92||1~DTM|472|20150406~CAS|CO|45|9.08~CAS|PR|3|25~REF|6R|1445544559Z1~AMT|B6|78.92~SE|32|0001~ST|835|0002~BPR|I|202.62|C|CHK||||||||||||20150515~TRN|1|PH90798500|1411289245|000087726~DTM|405|20150515~N1|PR|UNITED HEALTHCARE INSURANCE COMPANY|XV|87726~N3|P O BOX 740800~N4|ATLANTA|GA|303740800~REF|2U|87726~PER|CX|SPRINGFIELD SERVICE CENTER|TE|8778423210~N1|PE|SUMANA KETHA|XX|1063835361~N3|2925 SKYWAY CIR N~N4|IRVING|TX|750380000~REF|TJ|464596718~LX|1~TS3|1063835361|11|20151231|3|278~CLP|434-2717|1|130|91.66|25|13|5045593986 0028507923|11|1~NM1|QC|1|CHIROLDE|JULIO~NM1|IL|1|CHIROLDE|JULIO||||MI|000138381~NM1|74|1||GRICEL|G~NM1|82|1|KETHA|SUMANA||||XX|1962447805~MOA|||MA15~REF|1L|704267~REF|CE|CHOYC+~DTM|050|20150508~DTM|232|20150327~AMT|AU|130~SVC|HC^99214^25|130|91.66||1~DTM|472|20150327~CAS|CO|45|13.34~CAS|PR|3|25~REF|6R|1444308267Z1~AMT|B6|116.66~CLP|434-2717|1|18|14.3||13|5045593986 0028507933|11|1~NM1|QC|1|CHIROLDE|JULIO~NM1|IL|1|CHIROLDE|JULIO||||MI|000138381~NM1|74|1||GRICEL|G~NM1|82|1|KETHA|SUMANA||||XX|1962447805~MOA|||MA15~REF|1L|704267~REF|CE|CHOYC+~DTM|050|20150508~DTM|232|20150327~AMT|AU|18~SVC|HC^99406|18|14.3||1~DTM|472|20150327~CAS|CO|45|3.7~REF|6R|1444308267Z2~AMT|B6|14.3~CLP|2243-2776|1|130|96.66|20|13|5047276868 0022132385|11|1~NM1|QC|1|LIPSCOMB|CHADRICK~NM1|IL|1|LIPSCOMB|CHADRICK||||MI|949593787~NM1|82|1|KETHA|SUMANA||||XX|1962447805~REF|CE|CHOYC+~REF|1L|704374~DTM|050|20150511~DTM|232|20150224~AMT|AU|130~SVC|HC^99214|130|96.66||1~DTM|472|20150224~CAS|CO|45|13.34~CAS|PR|3|20~REF|6R|1445543613Z1~AMT|B6|116.66~SE|64|0002~GE|2|911~IEA|1|000000916~