ISA|00|          |00|          |ZZ|ZIRMED         |29|E12705         |150114|0614|U|00401|000000461|0|P|^~GS|HP|ZIRMED|E12705|20150114|0614|456|X|004010X091A1~ST|835|0001~BPR|I|152.6|C|ACH|CCP|01|081517693|DA|152302017594|1205296137||01|111000025|DA|488038453432|20150114~TRN|1|889319050|1205296137~REF|EV|E12705~DTM|405|20150113~N1|PR|NOVITAS SOLUTIONS, INC.~N3|PO BOX 3110~N4|MECHANICSBURG|PA|170551826~REF|2U|04412~PER|CX||TE|8552528782~N1|PE|DFW GERIATRICS PLLC|XX|1063835361~N3|2925 SKYWAY CIRCLE NORTH~N4|IRVING|TX|750383510~REF|TJ|464596718~LX|1~CLP|249-901|19|234|152.6|38.93|MB|2814356876680|21|1~NM1|QC|1|GERMAN|RITA||||HN|643363800M~NM1|82|1||||||XX|1962447805~NM1|TT|2|TX HEALTH & HUMAN SERVICES COMMI|||||PI|70051~MOA|||MA01|MA07~DTM|050|20141222~SVC|HC^99223|234|152.6||1~DTM|472|20140819~CAS|CO|45|39.36||253|3.11~CAS|PR|2|38.93~REF|LU|21~REF|6R|1326086207Z1~AMT|B6|194.64~SE|29|0001~GE|1|456~IEA|1|000000461~