ISA|00|          |00|          |ZZ|ZIRMED         |ZZ|146173421      |150527|1707|U|00401|000000982|0|P|^~GS|HP|ZIRMED|146173421|20150527|1707|977|X|004010X091A1~ST|835|0001~BPR|I|83.52|C|ACH|CCP|01|021000021|DA|05586085|1999746608|999999999|01|111000025|DA|488038453432|20150528~TRN|1|044457197|1999746608|999999999~REF|F2|0001~DTM|405|20150522~N1|PR|TEXAS MEDICAID/HEALTHCARE SERVICES~N3|12365A RIATA TRACE PARKWAY~N4|AUSTIN|TX|787276524~N1|PE|DFW GERIATRICS PLLC|XX|1063835361~N3|2925 SKYWAY CIR N~N4|IRVING|TX|75038~REF|PQ|193200000X~REF|TJ|464596718~LX|1~CLP|3301-2728|4|148|0||MC|200030030201514241537580|11||||0|0~NM1|QC|1|BOWENS|JACQUELIN|P|||MI|528425815~DTM|232|20150406~DTM|233|20150406~PER|CX|MEDI|TE|5127941234~SVC|HC^99214^25|130|0||||1~DTM|472|20150406~CAS|CO|B7|130|0~REF|6R|1442158996Z1~LQ|HE|N289~LQ|HE|N290~SVC|HC^99406|18|0||||1~DTM|472|20150406~CAS|CO|B7|18|0~REF|6R|1442158996Z2~LQ|HE|N289~LQ|HE|N290~LX|2~CLP|342-2735|4|130|0||MC|100030030201514241542492|11||||0|0~NM1|QC|1|ALLEN|THOMAS||||MI|514429727~DTM|232|20150410~DTM|233|20150410~PER|CX|MEDI|TE|5127941234~SVC|HC^99214|130|0||||1~DTM|472|20150410~CAS|CO|B7|130|0~REF|6R|1442159002Z1~LQ|HE|N289~LQ|HE|N290~LX|3~CLP|348-2689|1|492|41.76||MC|200030030201514241539525|11||||0|0~NM1|QC|1|BEGUM|MAQBOOL||||MI|529877159~DTM|232|20150317~DTM|233|20150317~PER|CX|MEDI|TE|5127941234~AMT|AU|324.46~SVC|HC^99214^25|130|0||1~DTM|472|20150317~CAS|CO|22|130|0~REF|6R|1442176485Z1~REF|HPI|1962447805~AMT|B6|46.73~LQ|HE|N192~SVC|HC^95921|110|4.76||1~DTM|472|20150317~CAS|CO|45|38.9|0~CAS|OA|23|66.34|0~REF|6R|1442176485Z2~REF|HPI|1962447805~AMT|B6|71.1~LQ|HE|N381~SVC|HC^95923|252|37||1~DTM|472|20150317~CAS|CO|45|45.37|0~CAS|OA|23|169.63|0~REF|6R|1442176485Z3~REF|HPI|1962447805~AMT|B6|206.63~LQ|HE|N381~LX|4~CLP|311-2731|4|174|0||MC|200030030201514241537582|11||||0|0~NM1|QC|1|HOLLAND|LEE|O|||MI|509664626~DTM|232|20150408~DTM|233|20150408~PER|CX|MEDI|TE|5127941234~SVC|HC^99215^25|174|0||||1~DTM|472|20150408~CAS|CO|B7|174|0~REF|6R|1442158999Z1~LQ|HE|N289~LQ|HE|N290~LX|5~CLP|309-2726|4|161|0||MC|100030030201514241539530|11||||0|0~NM1|QC|1|VANDERPOL|ADRIAN||||MI|515140415~DTM|232|20150401~DTM|233|20150401~PER|CX|MEDI|TE|5127941234~SVC|HC^99214^25|130|0||||1~DTM|472|20150401~CAS|CO|B7|130|0~REF|6R|1442158994Z1~LQ|HE|N289~LQ|HE|N290~SVC|HC^99407|31|0||||1~DTM|472|20150401~CAS|CO|B7|31|0~REF|6R|1442158994Z2~LQ|HE|N289~LQ|HE|N290~LX|6~CLP|408-2733|4|492|0||MC|200030030201514241537587|11||||0|0~NM1|QC|1|JOHNSON|LINDA|T|||MI|501964521~DTM|232|20150408~DTM|233|20150408~PER|CX|MEDI|TE|5127941234~SVC|HC^99214^25|130|0||||1~DTM|472|20150408~CAS|CO|B7|130|0~REF|6R|1442159001Z1~LQ|HE|N289~LQ|HE|N290~SVC|HC^95921|110|0||||1~DTM|472|20150408~CAS|CO|B7|110|0~REF|6R|1442159001Z2~LQ|HE|N289~LQ|HE|N290~SVC|HC^95923|252|0||||1~DTM|472|20150408~CAS|CO|B7|252|0~REF|6R|1442159001Z3~LQ|HE|N289~LQ|HE|N290~LX|7~CLP|245-2783|4|148|0||MC|200030030201514241537586|11||||0|0~NM1|QC|1|LOVE|VICKIE|S|||MI|283504101~DTM|232|20150408~DTM|233|20150408~PER|CX|MEDI|TE|5127941234~SVC|HC^99214^25|130|0||||1~DTM|472|20150408~CAS|CO|B7|130|0~REF|6R|1442159009Z1~LQ|HE|N289~LQ|HE|N290~SVC|HC^99406|18|0||||1~DTM|472|20150408~CAS|CO|B7|18|0~REF|6R|1442159009Z2~LQ|HE|N289~LQ|HE|N290~LX|8~CLP|347-2751|4|130|0||MC|200030030201514241542491|11||||0|0~NM1|QC|1|SOTO|JOSE||||MI|528734830~DTM|232|20150414~DTM|233|20150414~PER|CX|MEDI|TE|5127941234~SVC|HC^99214|130|0||||1~DTM|472|20150414~CAS|CO|B7|130|0~REF|6R|1442159004Z1~LQ|HE|N289~LQ|HE|N290~LX|9~CLP|351-2736|4|130|0||MC|100030030201514241539526|11||||0|0~NM1|QC|1|RASOR|LINDA|S|||MI|510275332~DTM|232|20150410~DTM|233|20150410~PER|CX|MEDI|TE|5127941234~SVC|HC^99214|130|0||||1~DTM|472|20150410~CAS|CO|B7|130|0~REF|6R|1442159003Z1~LQ|HE|N289~LQ|HE|N290~LX|10~CLP|380-2688|1|492|41.76||MC|200030030201514241540359|11||||0|0~NM1|QC|1|HAYNES|WILLIAM||||MI|529695104~DTM|232|20150317~DTM|233|20150317~PER|CX|MEDI|TE|5127941234~AMT|AU|324.46~SVC|HC^99214^25|130|0||1~DTM|472|20150317~CAS|CO|22|130|0~REF|6R|1442176484Z1~REF|HPI|1962447805~AMT|B6|46.73~LQ|HE|N192~SVC|HC^95921|110|4.76||1~DTM|472|20150317~CAS|CO|45|38.9|0~CAS|OA|23|66.34|0~REF|6R|1442176484Z2~REF|HPI|1962447805~AMT|B6|71.1~LQ|HE|N381~SVC|HC^95923|252|37||1~DTM|472|20150317~CAS|CO|45|45.37|0~CAS|OA|23|169.63|0~REF|6R|1442176484Z3~REF|HPI|1962447805~AMT|B6|206.63~LQ|HE|N381~SE|200|0001~GE|1|977~IEA|1|000000982~