ISA|00|          |00|          |ZZ|ZIRMED         |29|E12705         |150423|0556|U|00401|000000834|0|P|^~GS|HP|ZIRMED|E12705|20150423|0556|829|X|004010X091A1~ST|835|0001~BPR|I|2904.1|C|ACH|CCP|01|081517693|DA|152302017594|1205296137||01|111000025|DA|488038453432|20150423~TRN|1|890033301|1205296137~REF|EV|E12705~DTM|405|20150422~N1|PR|NOVITAS SOLUTIONS, INC.~N3|PO BOX 3110~N4|MECHANICSBURG|PA|170551826~REF|2U|04412~PER|CX||TE|8552528782~N1|PE|DFW GERIATRICS PLLC|XX|1063835361~N3|2925 SKYWAY CIRCLE NORTH~N4|IRVING|TX|750383510~REF|TJ|464596718~LX|1~CLP|270-1235|19|79|51.8|13.21|MB|2815099153220|31|1~NM1|QC|1|AMEZCUA|MARTHA||||HN|353488101D~NM1|82|1||||||XX|1962447805~NM1|TT|2|TX HEALTH & HUMAN SERVICES COMMI|||||PI|70051~MOA|||MA01|MA07~DTM|050|20150409~SVC|HC^99308|79|51.8||1~DTM|472|20141027~CAS|CO|45|12.93||253|1.06~CAS|PR|2|13.21~REF|LU|31~REF|6R|1419105555Z1~AMT|B6|66.07~CLP|257-978|19|104|68.25|17.41|MB|2815099153130|31|1~NM1|QC|1|BOOTH|BENNIE|B|||HN|458560309D~NM1|82|1||||||XX|1962447805~NM1|TT|2|NORTH AMERICAN INSURANCE COMPANY|||||PI|30155~MOA|||MA01|MA18~DTM|050|20150409~SVC|HC^99309|104|68.25||1~DTM|472|20140925~CAS|CO|45|16.95||253|1.39~CAS|PR|2|17.41~REF|LU|31~REF|6R|1419008680Z1~AMT|B6|87.05~CLP|120-1305|19|222|145.08|37.01|MB|2815099651250|33|1~NM1|QC|1|CROWDER|EVA||||HN|460445627A~NM1|82|1||||||XX|1962447805~NM1|TT|2|AETNA, INC.|||||PI|00060~MOA|||MA01|MA18~DTM|050|20150409~SVC|HC^99337|222|145.08||1~DTM|472|20140929~CAS|CO|45|36.95||253|2.96~CAS|PR|2|37.01~REF|LU|33~REF|6R|1419206887Z1~AMT|B6|185.05~CLP|110-134|19|51|33.58|8.57|MB|2815099651350|32|1~NM1|QC|1|ELLIS|JOHNNY|R|||HN|455964775A~NM1|82|1||||||XX|1962447805~NM1|TT|2|TX HEALTH & HUMAN SERVICES COMMI|||||PI|70051~MOA|||MA01|MA07~DTM|050|20150409~SVC|HC^99307|51|33.58||1~DTM|472|20140630~CAS|CO|45|8.16||253|.69~CAS|PR|2|8.57~REF|LU|32~REF|6R|1419319684Z1~AMT|B6|42.84~CLP|261-1770|19|104|68.25|17.41|MB|2815099651260|32|1~NM1|QC|1|HARPER|JOE|M|||HN|452825305M~NM1|82|1||||||XX|1962447805~NM1|TT|2|TX HEALTH & HUMAN SERVICES COMMI|||||PI|70051~MOA|||MA01|MA07~DTM|050|20150409~SVC|HC^99309|104|68.25||1~DTM|472|20140811~CAS|CO|45|16.95||253|1.39~CAS|PR|2|17.41~REF|LU|32~REF|6R|1419238718Z1~AMT|B6|87.05~CLP|160-878|19|193|126.15|32.18|MB|2815099153080|31|1~NM1|QC|1|HILTON|MAECEIL||||HN|450608307A~NM1|82|1||||||XX|1962447805~NM1|TT|2|MUTUAL OF OMAHA INSURANCE COMP|||||PI|30090~MOA|||MA01|MA18~DTM|050|20150409~SVC|HC^99306|193|126.15||1~DTM|472|20140818~CAS|CO|45|32.1||253|2.57~CAS|PR|2|32.18~REF|LU|31~REF|6R|1418958559Z1~AMT|B6|160.9~CLP|143-908|19|155|101.51|25.89|MB|2815099651380|32|1~NM1|QC|1|JOHNSON|GEORGIA||||HN|360420759M~NM1|82|1||||||XX|1962447805~NM1|TT|2|TX HEALTH & HUMAN SERVICES COMMI|||||PI|70051~MOA|||MA01|MA07~DTM|050|20150409~SVC|HC^99310|155|101.51||1~DTM|472|20141027~CAS|CO|45|25.53||253|2.07~CAS|PR|2|25.89~REF|LU|32~REF|6R|1419373085Z1~AMT|B6|129.47~CLP|143-924|19|193|126.15|32.18|MB|2815099651390|32|1~NM1|QC|1|JOHNSON|GEORGIA||||HN|360420759M~NM1|82|1||||||XX|1962447805~NM1|TT|2|TX HEALTH & HUMAN SERVICES COMMI|||||PI|70051~MOA|||MA01|MA07~DTM|050|20150409~SVC|HC^99306|193|126.15||1~DTM|472|20141210~CAS|CO|45|32.1||253|2.57~CAS|PR|2|32.18~REF|LU|32~REF|6R|1419373086Z1~AMT|B6|160.9~CLP|143-2551|19|104|68.59|17.5|MB|2815099651400|32|1~NM1|QC|1|JOHNSON|GEORGIA||||HN|360420759M~NM1|82|1||||||XX|1962447805~NM1|TT|2|TX HEALTH & HUMAN SERVICES COMMI|||||PI|70051~MOA|||MA01|MA07~DTM|050|20150409~SVC|HC^99309|104|68.59||1~DTM|472|20150121~CAS|CO|45|16.51||253|1.4~CAS|PR|2|17.5~REF|LU|32~REF|6R|1419373087Z1~AMT|B6|87.49~CLP|144-624|19|79|51.8|13.21|MB|2815099651290|31|1~NM1|QC|1|JONES|FRANCES|C|||HN|254282932D6~NM1|82|1||||||XX|1962447805~NM1|TT|2|UNITEDHEALTH GROUP|||||PI|30002~MOA|||MA01|MA18~DTM|050|20150409~SVC|HC^99308|79|51.8||1~DTM|472|20140911~CAS|CO|45|12.93||253|1.06~CAS|PR|2|13.21~REF|LU|31~REF|6R|1419263381Z1~AMT|B6|66.07~CLP|144-689|19|51|30.05|7.67|MB|2815099651300|31|1~NM1|QC|1|JONES|FRANCES|C|||HN|254282932D6~NM1|82|1||||||XX|1952303547~NM1|TT|2|UNITEDHEALTH GROUP|||||PI|30002~MOA|||MA01|MA18~DTM|050|20150409~SVC|HC^99307|51|30.05||1~DTM|472|20140918~CAS|CO|45|12.67||253|.61~CAS|PR|2|7.67~REF|LU|31~REF|6R|1419263382Z1~AMT|B6|38.33~CLP|353-2064|19|104|68.25|17.41|MB|2815099651310|32|1~NM1|QC|1|JONES|SAMMIE||||HN|587246165A~NM1|82|1||||||XX|1962447805~NM1|TT|2|TX HEALTH & HUMAN SERVICES COMMI|||||PI|70051~MOA|||MA01|MA27|MA07~DTM|050|20150409~SVC|HC^99309|104|68.25||1~DTM|472|20141113~CAS|CO|45|16.95||253|1.39~CAS|PR|2|17.41~REF|LU|32~REF|6R|1419271237Z1~AMT|B6|87.05~CLP|353-2223|19|51|33.52|8.55|MB|2815099651320|32|1~NM1|QC|1|JONES|SAMMIE||||HN|587246165A~NM1|82|1||||||XX|1962447805~NM1|TT|2|TX HEALTH & HUMAN SERVICES COMMI|||||PI|70051~MOA|||MA01|MA27|MA07~DTM|050|20150409~SVC|HC^99307|51|33.52||1~DTM|472|20150105~CAS|CO|45|8.25||253|.68~CAS|PR|2|8.55~REF|LU|32~REF|6R|1419271238Z1~AMT|B6|42.75~CLP|214-1195|19|79|51.8|13.21|MB|2815099153250|31|1~NM1|QC|1|MILLER|WILLIAM|C|||HN|458344463A~NM1|82|1||||||XX|1962447805~NM1|TT|2|AETNA, INC.|||||PI|00060~MOA|||MA01|MA18~DTM|050|20150409~SVC|HC^99308|79|51.8||1~DTM|472|20140930~CAS|CO|45|12.93||253|1.06~CAS|PR|2|13.21~REF|LU|31~REF|6R|1419165675Z1~AMT|B6|66.07~CLP|214-1350|19|104|68.25|17.41|MB|2815099153260|31|1~NM1|QC|1|MILLER|WILLIAM|C|||HN|458344463A~NM1|82|1||||||XX|1962447805~NM1|TT|2|AETNA, INC.|||||PI|00060~MOA|||MA01|MA18~DTM|050|20150409~SVC|HC^99309|104|68.25||1~DTM|472|20140717~CAS|CO|45|16.95||253|1.39~CAS|PR|2|17.41~REF|LU|31~REF|6R|1419165677Z1~AMT|B6|87.05~CLP|214-1473|19|104|68.25|17.41|MB|2815099153270|31|1~NM1|QC|1|MILLER|WILLIAM|C|||HN|458344463A~NM1|82|1||||||XX|1962447805~NM1|TT|2|AETNA, INC.|||||PI|00060~MOA|||MA01|MA18~DTM|050|20150409~SVC|HC^99309|104|68.25||1~DTM|472|20141002~CAS|CO|45|16.95||253|1.39~CAS|PR|2|17.41~REF|LU|31~REF|6R|1419165678Z1~AMT|B6|87.05~CLP|253-1768|19|104|68.25|17.41|MB|2815099651240|32|1~NM1|QC|1|MIXON|MARION||||HN|418423701A~NM1|82|1||||||XX|1962447805~NM1|TT|2|TX HEALTH & HUMAN SERVICES COMMI|||||PI|70051~MOA|||MA01|MA07~DTM|050|20150409~SVC|HC^99309|104|68.25||1~DTM|472|20140811~CAS|CO|45|16.95||253|1.39~CAS|PR|2|17.41~REF|LU|32~REF|6R|1419200325Z1~AMT|B6|87.05~CLP|113-1006|19|51|33.58|8.57|MB|2815099153090|31|1~NM1|QC|1|MOORE|ERNEST|A|||HN|563407942A~NM1|82|1||||||XX|1962447805~NM1|TT|2|TX HEALTH & HUMAN SERVICES COMMI|||||PI|70051~MOA|||MA01|MA07~DTM|050|20150409~SVC|HC^99307|51|33.58||1~DTM|472|20141026~CAS|CO|45|8.16||253|.69~CAS|PR|2|8.57~REF|LU|31~REF|6R|1418964774Z1~AMT|B6|42.84~CLP|113-875|1|193|126.15|32.18|MB|2815099153100|31|1~NM1|QC|1|MOORE|ERNEST|A|||HN|563407942A~NM1|82|1||||||XX|1962447805~MOA|||MA01~DTM|050|20150409~SVC|HC^99306|193|126.15||1~DTM|472|20140818~CAS|CO|45|32.1||253|2.57~CAS|PR|2|32.18~REF|LU|31~REF|6R|1418964791Z1~AMT|B6|160.9~CLP|113-959|19|79|51.8|13.21|MB|2815099153110|32|1~NM1|QC|1|MOORE|ERNEST|A|||HN|563407942A~NM1|82|1||||||XX|1962447805~NM1|TT|2|TX HEALTH & HUMAN SERVICES COMMI|||||PI|70051~MOA|||MA01|MA07~DTM|050|20150409~SVC|HC^99308|79|51.8||1~DTM|472|20141023~CAS|CO|45|12.93||253|1.06~CAS|PR|2|13.21~REF|LU|32~REF|6R|1418964792Z1~AMT|B6|66.07~CLP|228-772|19|155|90.82|23.17|MB|2815099153280|31|1~NM1|QC|1|MORA|GLEN||||HN|461400603A~NM1|82|1||||||XX|1952303547~NM1|TT|2|UNITEDHEALTH GROUP|||||PI|30002~MOA|||MA01|MA18~DTM|050|20150409~SVC|HC^99310|155|90.82||1~DTM|472|20140917~CAS|CO|45|39.16||253|1.85~CAS|PR|2|23.17~REF|LU|31~REF|6R|1419173530Z1~AMT|B6|115.84~CLP|228-886|19|104|68.25|17.41|MB|2815099153290|31|1~NM1|QC|1|MORA|GLEN||||HN|461400603A~NM1|82|1||||||XX|1962447805~NM1|TT|2|UNITEDHEALTH GROUP|||||PI|30002~MOA|||MA01|MA18~DTM|050|20150409~SVC|HC^99309|104|68.25||1~DTM|472|20141016~CAS|CO|45|16.95||253|1.39~CAS|PR|2|17.41~REF|LU|31~REF|6R|1419173532Z1~AMT|B6|87.05~CLP|228-763|19|51|30.05|7.67|MB|2815099153300|31|1~NM1|QC|1|MORA|GLEN||||HN|461400603A~NM1|82|1||||||XX|1952303547~NM1|TT|2|UNITEDHEALTH GROUP|||||PI|30002~MOA|||MA01|MA18~DTM|050|20150409~SVC|HC^99307|51|30.05||1~DTM|472|20140918~CAS|CO|45|12.67||253|.61~CAS|PR|2|7.67~REF|LU|31~REF|6R|1419174645Z1~AMT|B6|38.33~CLP|78-730|19|104|68.25|17.41|MB|2815099153120|32|1~NM1|QC|1|NELSON|HELEN|R|||HN|452520020M~NM1|82|1||||||XX|1962447805~NM1|TT|2|TX HEALTH & HUMAN SERVICES COMMI|||||PI|70051~MOA|||MA01|MA07~DTM|050|20150409~SVC|HC^99309^GW|104|68.25||1~DTM|472|20140903~CAS|CO|45|16.95||253|1.39~CAS|PR|2|17.41~REF|LU|32~REF|6R|1418990075Z1~AMT|B6|87.05~CLP|176-186|19|51|33.58|8.57|MB|2815099153230|31|1~NM1|QC|1|PILGRIM|NELL|L|||HN|411098338D~NM1|82|1||||||XX|1962447805~NM1|TT|2|UNITEDHEALTH GROUP|||||PI|30002~MOA|||MA01|MA18~DTM|050|20150409~SVC|HC^99307|51|33.58||1~DTM|472|20140814~CAS|CO|45|8.16||253|.69~CAS|PR|2|8.57~REF|LU|31~REF|6R|1419161022Z1~AMT|B6|42.84~CLP|176-1256|19|222|129.81|33.11|MB|2815099153240|33|1~NM1|QC|1|PILGRIM|NELL|L|||HN|411098338D~NM1|82|1||||||XX|1952303547~NM1|TT|2|UNITEDHEALTH GROUP|||||PI|30002~MOA|||MA01|MA18~DTM|050|20150409~SVC|HC^99337|222|129.81||1~DTM|472|20141020~CAS|CO|45|56.43||253|2.65~CAS|PR|2|33.11~REF|LU|33~REF|6R|1419161023Z1~AMT|B6|165.57~CLP|19-2416|19|211|136.23|34.75|MB|2815099153140|32|1~NM1|QC|1|RYLANDER|RICHARD||||HN|435661924A~NM1|82|1||||||XX|1962447805~NM1|TT|2|TX HEALTH & HUMAN SERVICES COMMI|||||PI|70051~MOA|||MA01|MA07~DTM|050|20150409~SVC|HC^99306^25|193|125.55||1~DTM|472|20150210~CAS|CO|45|32.86||253|2.56~CAS|PR|2|32.03~REF|LU|32~REF|6R|1419008712Z1~AMT|B6|160.14~SVC|HC^99406|18|10.68||1~DTM|472|20150210~CAS|CO|45|4.38||253|.22~CAS|PR|2|2.72~REF|LU|32~REF|6R|1419008712Z2~AMT|B6|13.62~CLP|19-888|19|193|126.15|32.18|MB|2815099153150|31|1~NM1|QC|1|RYLANDER|RICHARD||||HN|435661924A~NM1|82|1||||||XX|1962447805~NM1|TT|2|TX HEALTH & HUMAN SERVICES COMMI|||||PI|70051~MOA|||MA01|MA07~DTM|050|20150409~SVC|HC^99306|193|126.15||1~DTM|472|20141006~CAS|CO|45|32.1||253|2.57~CAS|PR|2|32.18~REF|LU|31~REF|6R|1419008960Z1~AMT|B6|160.9~CLP|19-1418|19|104|68.25|17.41|MB|2815099153160|32|1~NM1|QC|1|RYLANDER|RICHARD||||HN|435661924A~NM1|82|1||||||XX|1962447805~NM1|TT|2|TX HEALTH & HUMAN SERVICES COMMI|||||PI|70051~MOA|||MA01|MA07~DTM|050|20150409~SVC|HC^99309|104|68.25||1~DTM|472|20141029~CAS|CO|45|16.95||253|1.39~CAS|PR|2|17.41~REF|LU|32~REF|6R|1419009170Z1~AMT|B6|87.05~CLP|19-1878|19|155|91.26|23.28|MB|2815099153170|31|1~NM1|QC|1|RYLANDER|RICHARD||||HN|435661924A~NM1|82|1||||||XX|1952303547~NM1|TT|2|TX HEALTH & HUMAN SERVICES COMMI|||||PI|70051~MOA|||MA01|MA07~DTM|050|20150409~SVC|HC^99310|155|91.26||1~DTM|472|20150107~CAS|CO|45|38.6||253|1.86~CAS|PR|2|23.28~REF|LU|31~REF|6R|1419009195Z1~AMT|B6|116.4~CLP|201-1167|19|79|51.8|13.21|MB|2815099651210|31|1~NM1|QC|1|SANCHEZ|KATHRYN|D|||HN|452825891A~NM1|82|1||||||XX|1962447805~NM1|TT|2|MUTUAL OF OMAHA INSURANCE COMP|||||PI|30090~MOA|||MA01|MA18~DTM|050|20150409~SVC|HC^99308|79|51.8||1~DTM|472|20140924~CAS|CO|45|12.93||253|1.06~CAS|PR|2|13.21~REF|LU|31~REF|6R|1419178678Z1~AMT|B6|66.07~CLP|201-915|19|121|78.95|20.14|MB|2815099651220|31|1~NM1|QC|1|SANCHEZ|KATHRYN|D|||HN|452825891A~NM1|82|1||||||XX|1962447805~NM1|TT|2|MUTUAL OF OMAHA INSURANCE COMP|||||PI|30090~MOA|||MA01|MA18~DTM|050|20150409~SVC|HC^99316|121|78.95||1~DTM|472|20141016~CAS|CO|45|20.3||253|1.61~CAS|PR|2|20.14~REF|LU|31~REF|6R|1419178679Z1~AMT|B6|100.7~CLP|105-1871|19|51|33.52|8.55|MB|2815099651370|31|1~NM1|QC|1|THOMPSON|DORIS|W|||HN|466443779A~NM1|82|1||||||XX|1962447805~NM1|TT|2|CHCS SERVICES INC|||||PI|80255~MOA|||MA01|MA18~DTM|050|20150409~SVC|HC^99307|51|33.52||1~DTM|472|20150104~CAS|CO|45|8.25||253|.68~CAS|PR|2|8.55~REF|LU|31~REF|6R|1419321714Z1~AMT|B6|42.75~CLP|6-2249|19|193|126.15|32.18|MB|2815099651280|32|1~NM1|QC|1|THORNTON|ARWILDER||||HN|457072991C1~NM1|82|1||||||XX|1962447805~NM1|TT|2|TX HEALTH & HUMAN SERVICES COMMI|||||PI|70051~MOA|||MA01|MA07~DTM|050|20150409~SVC|HC^99306|193|126.15||1~DTM|472|20141027~CAS|CO|45|32.1||253|2.57~CAS|PR|2|32.18~REF|LU|32~REF|6R|1419247604Z1~AMT|B6|160.9~CLP|34-866|19|109|71.38|18.21|MB|2815099153180|33|1~NM1|QC|1|WOODARD|SEYMOUR||||HN|459749510A~NM1|82|1||||||XX|1962447805~NM1|TT|2|TX HEALTH & HUMAN SERVICES COMMI|||||PI|70051~MOA|||MA01|MA07~DTM|050|20150409~SVC|HC^99335|109|71.38||1~DTM|472|20140804~CAS|CO|45|17.95||253|1.46~CAS|PR|2|18.21~REF|LU|33~REF|6R|1419095154Z1~AMT|B6|91.05~CLP|13-1049|19|109|71.38|18.21|MB|2815099153190|33|1~NM1|QC|1|WREN|BILLIE|N|||HN|523465985A~NM1|82|1||||||XX|1962447805~NM1|TT|2|TX HEALTH & HUMAN SERVICES COMMI|||||PI|70051~MOA|||MA01|MA07~DTM|050|20150409~SVC|HC^99335|109|71.38||1~DTM|472|20140924~CAS|CO|45|17.95||253|1.46~CAS|PR|2|18.21~REF|LU|33~REF|6R|1419097751Z1~AMT|B6|91.05~CLP|13-895|19|193|126.15|32.18|MB|2815099153200|31|1~NM1|QC|1|WREN|BILLIE|N|||HN|523465985A~NM1|82|1||||||XX|1962447805~NM1|TT|2|TX HEALTH & HUMAN SERVICES COMMI|||||PI|70051~MOA|||MA01|MA07~DTM|050|20150409~SVC|HC^99306|193|126.15||1~DTM|472|20141009~CAS|CO|45|32.1||253|2.57~CAS|PR|2|32.18~REF|LU|31~REF|6R|1419100662Z1~AMT|B6|160.9~CLP|13-468|19|104|61.06|15.58|MB|2815099153210|31|1~NM1|QC|1|WREN|BILLIE|N|||HN|523465985A~NM1|82|1||||||XX|1952303547~NM1|TT|2|TX HEALTH & HUMAN SERVICES COMMI|||||PI|70051~MOA|||MA01|MA07~DTM|050|20150409~SVC|HC^99309|104|61.06||1~DTM|472|20140626~CAS|CO|45|26.11||253|1.25~CAS|PR|2|15.58~REF|LU|31~REF|6R|1419103317Z1~AMT|B6|77.89~SE|516|0001~GE|1|829~IEA|1|000000834~