ISA|00|          |00|          |ZZ|ZIRMED         |29|E12705         |150822|0543|U|00401|000001241|0|P|^~GS|HP|ZIRMED|E12705|20150822|0543|1236|X|004010X091A1~ST|835|0001~BPR|I|69.85|C|ACH|CCP|01|081517693|DA|152302017594|1205296137||01|111000025|DA|488038453432|20150824~TRN|1|890824462|1205296137~REF|EV|E12705~DTM|405|20150821~N1|PR|NOVITAS SOLUTIONS, INC.~N3|PO BOX 3110~N4|MECHANICSBURG|PA|170551826~REF|2U|04412~PER|CX||TE|8552528782~N1|PE|DFW GERIATRICS PLLC|XX|1063835361~N3|2925 SKYWAY CIRCLE NORTH~N4|IRVING|TX|750383510~REF|TJ|464596718~LX|1~CLP|218-876|22|-193|0||MB|2815051847190|31|1~NM1|QC|1|JEFFREY|JOHN|G|||HN|450546301A~NM1|82|1||||||XX|1962447805~MOA|||MA01~DTM|050|20150220~SVC|HC^99306|-193|0||||1~DTM|472|20140818~CAS|CO|50|-193~REF|6R|1378275455Z1~REF|LU|31~LQ|HE|M25~LQ|HE|N102~CLP|218-876|1|193|69.85|17.82|MB|2315189901163|31|1~NM1|QC|1|JEFFREY|JOHN|G|||HN|450546301A~NM1|82|1||||||XX|1962447805~MOA|||MA01|MA67|MA15~REF|F8|452815051847190~DTM|050|20150708~SVC|HC^99304^CC|193|69.85||1|HC^99306~DTM|472|20140818~CAS|CO|45|103.9||253|1.43~CAS|PR|2|17.82~REF|6R|1378275455Z1~REF|LU|31~AMT|B6|89.1~LQ|HE|M25~SE|42|0001~GE|1|1236~IEA|1|000001241~