ISA|00|          |00|          |ZZ|ZIRMED         |30|611340767      |150203|0824|U|00401|000000532|0|P|^~GS|HP|ZIRMED|611340767|20150203|0824|527|X|004010X091A1~ST|835|0001~BPR|I|35.07|C|ACH|CCP|01|011900445|DA|0000009046|1066033492||01|111000025|DA|488038453432|20150206~TRN|1|815033510003483|1066033492~REF|EV|611340767~DTM|405|20150203~N1|PR|AETNA~N3|151 FARMINGTON AVENUE~N4|HARTFORD|CT|06156~N1|PE|KETHA, SUMANA|XX|1063835361~N3|2925 SKYWAY CIR N~N4|IRVING|TX|750383510~REF|PQ|762610840~REF|TJ|464596718~LX|1~TS3|1063835361|31|20151231|4|341~CLP|214-1760|2|79|0|66.02|15|EQTWK3DB30000|31|1~NM1|QC|1|MILLER JR|WILLIAM|C|||MI|458344463A~NM1|74|1|MILLER||||JR|C|W081488962~NM1|82|1|KETHA|SUMANA||||XX|1063835361~REF|1L|0701224-015-00714-NB~REF|CE|TRADITIONAL CHOICE~DTM|232|20150102~DTM|233|20150102~DTM|050|20150128~PER|CX||TE|8886323862~AMT|AU|79~SVC|HC^99308|79|0||1~DTM|472|20150102~CAS|OA|23|12.98~CAS|PR|1|66.02~REF|6R|1349234398Z1~AMT|B6|66.02~CLP|214-1588|2|79|10.57|2.64|15|E2PBJ8XTX0000|31|1~NM1|QC|1|MILLER JR|WILLIAM|C|||MI|458344463A~NM1|74|1|MILLER||||JR|C|W081488962~NM1|82|1|KETHA|SUMANA||||XX|1063835361~REF|1L|0701224-015-00714-NB~REF|CE|TRADITIONAL CHOICE~DTM|232|20141030~DTM|233|20141030~DTM|050|20150122~PER|CX||TE|8886323862~AMT|AU|79~SVC|HC^99308|79|10.57||1~DTM|472|20141030~CAS|OA|23|65.79~CAS|PR|2|2.64~REF|6R|1337437200Z1~AMT|B6|65.01~LQ|HE|N192~CLP|272-1594|2|104|13.93|3.48|15|E2Y0J85170000|31|1~NM1|QC|1|HUCKABEE|CHARLES|C|||MI|461347627A~NM1|74|1||||||C|W115629374~NM1|82|1|KETHA|SUMANA||||XX|1063835361~REF|1L|0469670-030-00103- U~REF|CE|MAJOR MEDICAL~DTM|232|20141113~DTM|233|20141113~DTM|050|20150122~PER|CX||TE|8886323862~AMT|AU|104~SVC|HC^99309|104|13.93||1~DTM|472|20141113~CAS|OA|23|86.59~CAS|PR|2|3.48~REF|6R|1338448771Z1~AMT|B6|85.66~LQ|HE|N192~CLP|113-1465|2|79|10.57|2.64|15|E335KBG900000|31|1~NM1|QC|1|MOORE|ERNEST|A|||MI|563407942A~NM1|74|1||LYNN||||C|W071287231~NM1|82|1|KETHA|SUMANA||||XX|1063835361~REF|1L|0895980-030-00100-CI~REF|CE|TRADITIONAL CHOICE~DTM|232|20141002~DTM|233|20141002~DTM|050|20150122~PER|CX||TE|8886323862~AMT|AU|79~SVC|HC^99308|79|10.57||1~DTM|472|20141002~CAS|OA|23|65.79~CAS|PR|2|2.64~REF|6R|1337437197Z1~AMT|B6|65.01~LQ|HE|N192~SE|87|0001~GE|1|527~IEA|1|000000532~