ISA|00|          |00|          |ZZ|ZIRMED         |29|E12705         |150915|0445|U|00401|000001358|0|P|^~GS|HP|ZIRMED|E12705|20150915|0445|1353|X|004010X091A1~ST|835|0001~BPR|H|0|C|NON||||||||||||20150915~TRN|1|459737701|1205296137~REF|EV|E12705~DTM|405|20150914~N1|PR|NOVITAS SOLUTIONS, INC.~N3|PO BOX 3110~N4|MECHANICSBURG|PA|170551826~REF|2U|04412~PER|CX||TE|8552528782~N1|PE|DFW GERIATRICS PLLC|XX|1063835361~N3|2925 SKYWAY CIRCLE NORTH~N4|IRVING|TX|750383510~REF|TJ|464596718~LX|1~CLP|311-2906|1|130|0||MB|2815238388980|11|1~NM1|QC|1|HOLLAND|LEE||||HN|451767936A~NM1|82|1||||||XX|1679978068~MOA|||MA01~DTM|050|20150826~SVC|HC^99214|130|0||||1~DTM|472|20150515~CAS|CO|109|130~REF|6R|1536971273Z1~REF|LU|11~CLP|5750-3810|1|4|0||MB|2815254825332|11|1~NM1|QC|1|MANTHA|SATYANARA||||HN|142192887M~NM1|82|1||||||XX|1962447805~MOA|||MA130|MA15~DTM|050|20150911~SVC|HC^94760|4|0||||1~DTM|472|20150629~CAS|CO|16|4~REF|6R|1550859416Z2~REF|LU|11~LQ|HE|MA130~LQ|HE|N265~LQ|HE|N276~LQ|HE|N286~CLP|422-3800|1|46.18|0||MB|2915254471352|11|1~NM1|QC|1|WILSON|VIVIAN||||HN|463196861A~NM1|82|1||||||XX|1962447805~MOA|||MA130|MA15~DTM|050|20150911~SVC|HC^96120^TC|46.18|0||||1~DTM|472|20150622~CAS|CO|4|46.18~REF|6R|1551104623Z1~REF|LU|11~LQ|HE|MA130~SE|51|0001~ST|835|0002~BPR|I|645.36|C|ACH|CCP|01|081517693|DA|152302017594|1205296137||01|111000025|DA|488038453432|20150915~TRN|1|890982359|1205296137~REF|EV|E12705~DTM|405|20150914~N1|PR|NOVITAS SOLUTIONS, INC.~N3|PO BOX 3110~N4|MECHANICSBURG|PA|170551826~REF|2U|04412~PER|CX||TE|8552528782~N1|PE|DFW GERIATRICS PLLC|XX|1063835361~N3|2925 SKYWAY CIRCLE NORTH~N4|IRVING|TX|750383510~REF|TJ|464596718~LX|1~CLP|311-3700|19|130|81.14|20.7|MB|2915244128100|11|1~NM1|QC|1|HOLLAND|LEE||||HN|451767936A~NM1|82|1||||||XX|1962447805~NM1|TT|2|TX HEALTH & HUMAN SERVICES COMMI|||||PI|70051~MOA|||MA01|MA07~DTM|050|20150901~SVC|HC^99214|130|81.14||1~DTM|472|20150625~CAS|CO|45|26.5||253|1.66~CAS|PR|2|20.7~REF|6R|1541958478Z1~REF|LU|11~AMT|B6|103.5~CLP|6047-3701|19|280|109.4|27.91|MB|2915244128090|11|1~NM1|QC|1|MARTINEZ|CAROLYN||||HN|450966097A~NM1|82|1||||||XX|1962447805~NM1|TT|2|TX HEALTH & HUMAN SERVICES COMMI|||||PI|70051~MOA|||MA01|MA07~DTM|050|20150901~SVC|HC^99215^25|174|109.4||1~DTM|472|20150625~CAS|CO|45|34.46||253|2.23~CAS|PR|2|27.91~REF|6R|1541958477Z1~REF|LU|11~AMT|B6|139.54~SVC|HC^99356|106|0||||1~DTM|472|20150625~CAS|CO|58|106~REF|6R|1541958477Z2~REF|LU|11~CLP|349-3690|1|130|81.14|20.7|MB|2915244128070|11|1~NM1|QC|1|NEAL|MENFORD||||HN|458524052A~NM1|82|1||||||XX|1962447805~MOA|||MA01~DTM|050|20150901~SVC|HC^99214|130|81.14||1~DTM|472|20150612~CAS|CO|45|26.5||253|1.66~CAS|PR|2|20.7~REF|6R|1541958462Z1~REF|LU|11~AMT|B6|103.5~CLP|352-3698|1|130|81.14|20.7|MB|2915244128080|11|1~NM1|QC|1|RAYMOND|JAMES||||HN|565788029A~NM1|82|1||||||XX|1962447805~MOA|||MA01~DTM|050|20150901~SVC|HC^99214|130|81.14||1~DTM|472|20150625~CAS|CO|45|26.5||253|1.66~CAS|PR|2|20.7~REF|6R|1541958473Z1~REF|LU|11~AMT|B6|103.5~CLP|347-3686|19|492|292.54|74.62|MB|2915244128060|11|1~NM1|QC|1|SOTO|JOSE||||HN|453040927A~NM1|82|1||||||XX|1962447805~NM1|TT|2|TX HEALTH & HUMAN SERVICES COMMI|||||PI|70051~MOA|||MA01|MA07~DTM|050|20150901~SVC|HC^99214^25|130|81.14||1~DTM|472|20150612~CAS|CO|45|26.5||253|1.66~CAS|PR|2|20.7~REF|6R|1541958454Z1~REF|LU|11~AMT|B6|103.5~SVC|HC^95923|252|145.06||1~DTM|472|20150612~CAS|CO|45|66.98||253|2.96~CAS|PR|2|37~REF|6R|1541958454Z2~REF|LU|11~AMT|B6|185.02~SVC|HC^95921|110|66.34||1~DTM|472|20150612~CAS|CO|45|25.39||253|1.35~CAS|PR|2|16.92~REF|6R|1541958454Z3~REF|LU|11~AMT|B6|84.61~SE|98|0002~GE|2|1353~IEA|1|000001358~