ISA|00|          |00|          |ZZ|ZIRMED         |29|E12705         |150910|0438|U|00401|000001321|0|P|^~GS|HP|ZIRMED|E12705|20150910|0438|1316|X|004010X091A1~ST|835|0001~BPR|I|617.05|C|ACH|CCP|01|081517693|DA|152302017594|1205296137||01|111000025|DA|488038453432|20150910~TRN|1|890946245|1205296137~REF|EV|E12705~DTM|405|20150909~N1|PR|NOVITAS SOLUTIONS, INC.~N3|PO BOX 3110~N4|MECHANICSBURG|PA|170551826~REF|2U|04412~PER|CX||TE|8552528782~N1|PE|DFW GERIATRICS PLLC|XX|1063835361~N3|2925 SKYWAY CIRCLE NORTH~N4|IRVING|TX|750383510~REF|TJ|464596718~LX|1~CLP|319-3680|1|130|72.97|18.61|MB|2815239730920|11|1~NM1|QC|1|CORTEZ|EDWARD||||HN|449473304A~NM1|82|1||||||XX|1679978068~MOA|||MA01|MA15~DTM|050|20150827~SVC|HC^99214^25|130|72.97||1~DTM|472|20150825~CAS|CO|45|36.93||253|1.49~CAS|PR|2|18.61~REF|6R|1538315676Z1~REF|LU|11~AMT|B6|93.07~CLP|383-3679|1|454|267.38|68.22|MB|2815239730910|11|1~NM1|QC|1|HUDGINS|NANCY||||HN|509380876A~NM1|82|1||||||XX|1962447805~MOA|||MA01~DTM|050|20150827~SVC|HC^99213^25|88|54.94||1~DTM|472|20150825~CAS|CO|45|17.92||253|1.12~CAS|PR|2|14.02~REF|6R|1538315675Z1~REF|LU|11~AMT|B6|70.08~SVC|HC^95923|252|145.78||1~DTM|472|20150825~CAS|CO|45|66.05||253|2.98~CAS|PR|2|37.19~REF|6R|1538315675Z2~REF|LU|11~AMT|B6|185.95~SVC|HC^95921|110|66.66||1~DTM|472|20150825~CAS|CO|45|24.97||253|1.36~CAS|PR|2|17.01~REF|6R|1538315675Z3~REF|LU|11~AMT|B6|85.03~SVC|HC^94760|4|0||||1~DTM|472|20150825~CAS|CO|50|4~REF|6R|1538315675Z4~REF|LU|11~LQ|HE|M25~LQ|HE|N115~CLP|310-3619|19|130|81.56|20.8|MB|2815239231200|11|1~NM1|QC|1|REED|LATOSHA||||HN|454497150A~NM1|82|1||||||XX|1962447805~NM1|TT|2|TX HEALTH & HUMAN SERVICES COMMI|||||PI|70051~MOA|||MA01|MA07~DTM|050|20150827~SVC|HC^99214|130|81.56||1~DTM|472|20150710~CAS|CO|45|25.98||253|1.66~CAS|PR|2|20.8~REF|6R|1538039483Z1~REF|LU|11~AMT|B6|104.02~CLP|310-3657|19|61|40.62|10.36|MB|2815239231210|11|1~NM1|QC|1|REED|LATOSHA||||HN|454497150A~NM1|82|1||||||XX|1962447805~NM1|TT|2|TX HEALTH & HUMAN SERVICES COMMI|||||PI|70051~MOA|||MA01|MA07~DTM|050|20150827~SVC|HC^G0180|61|40.62||1~DTM|472|20150714~CAS|CO|45|9.19||253|.83~CAS|PR|2|10.36~REF|6R|1538039484Z1~REF|LU|11~AMT|B6|51.81~CLP|310-3658|19|124|81.55|20.8|MB|2815239231220|11|1~NM1|QC|1|REED|LATOSHA||||HN|454497150A~NM1|82|1||||||XX|1962447805~NM1|TT|2|TX HEALTH & HUMAN SERVICES COMMI|||||PI|70051~MOA|||MA01|MA07~DTM|050|20150827~SVC|HC^G0181|124|81.55||1~DTM|472|20150731~CAS|CO|45|19.99||253|1.66~CAS|PR|2|20.8~REF|6R|1538039485Z1~REF|LU|11~AMT|B6|104.01~CLP|309-3678|19|134|72.97|18.61|MB|2815239730900|11|1~NM1|QC|1|VANDERPOOL|ADRIAN||||HN|466297262A~NM1|82|1||||||XX|1679978068~NM1|TT|2|TX HEALTH & HUMAN SERVICES COMMI|||||PI|70051~MOA|||MA01|MA07~DTM|050|20150827~SVC|HC^99214^25|130|72.97||1~DTM|472|20150825~CAS|CO|45|36.93||253|1.49~CAS|PR|2|18.61~REF|6R|1538315674Z1~REF|LU|11~AMT|B6|93.07~SVC|HC^94760|4|0||||1~DTM|472|20150825~CAS|CO|97|4~REF|6R|1538315674Z2~REF|LU|11~LQ|HE|M80~SE|119|0001~GE|1|1316~IEA|1|000001321~