ISA|00|          |00|          |ZZ|ZIRMED         |29|E12705         |150313|0426|U|00401|000000703|0|P|^~GS|HP|ZIRMED|E12705|20150313|0426|698|X|004010X091A1~ST|835|0001~BPR|H|0|C|NON||||||||||||20150313~TRN|1|458883435|1205296137~REF|EV|E12705~DTM|405|20150312~N1|PR|NOVITAS SOLUTIONS, INC.~N3|PO BOX 3110~N4|MECHANICSBURG|PA|170551826~REF|2U|04412~PER|CX||TE|8552528782~N1|PE|DFW GERIATRICS PLLC|XX|1063835361~N3|2925 SKYWAY CIRCLE NORTH~N4|IRVING|TX|750383510~REF|TJ|464596718~LX|1~CLP|72-2411|1|193|0||MB|2815055556870|32|1~NM1|QC|1|GAINES|GWENDOLYN||||HN|462219921TA~NM1|82|1||||||XX|1962447805~MOA|||MA01~DTM|050|20150224~SVC|HC^99306|193|0||||1~DTM|472|20150220~CAS|CO|B9|193~REF|LU|32~REF|6R|1381258670Z1~LQ|HE|N90~CLP|102-2317|1|51|0||MB|2815051847360|32|1~NM1|QC|1|NEWELL|DIANE||||HN|428253521A~NM1|82|1||||||XX|1962447805~MOA|||MA130|MA27~DTM|050|20150220~SVC|HC^99307|51|0||||1~DTM|472|20141208~CAS|CO|140|51~REF|LU|32~REF|6R|1378304421Z1~LQ|HE|MA130~LQ|HE|MA27~CLP|102-2351|1|51|0||MB|2815051847610|32|1~NM1|QC|1|NEWELL|DIANE||||HN|428253521A~NM1|82|1||||||XX|1962447805~MOA|||MA130|MA27~DTM|050|20150220~SVC|HC^99307|51|0||||1~DTM|472|20141215~CAS|CO|140|51~REF|LU|32~REF|6R|1378329892Z1~LQ|HE|MA130~LQ|HE|MA27~CLP|50-2457|1|123|0||MB|2815057755110|21|1~NM1|QC|1|SANDERS|TONY|R|||HN|467086770A~NM1|82|1||||||XX|1952303547~MOA|||MA01~DTM|050|20150226~SVC|HC^99239|123|0||||1~DTM|472|20141216~CAS|CO|16|123~REF|LU|21~REF|6R|1383581788Z1~SE|61|0001~ST|835|0002~BPR|I|2831.82|C|ACH|CCP|01|081517693|DA|152302017594|1205296137||01|111000025|DA|488038453432|20150313~TRN|1|889769421|1205296137~REF|EV|E12705~DTM|405|20150312~N1|PR|NOVITAS SOLUTIONS, INC.~N3|PO BOX 3110~N4|MECHANICSBURG|PA|170551826~REF|2U|04412~PER|CX||TE|8552528782~N1|PE|DFW GERIATRICS PLLC|XX|1063835361~N3|2925 SKYWAY CIRCLE NORTH~N4|IRVING|TX|750383510~REF|TJ|464596718~LX|1~CLP|326-2442|19|104|61.37|15.66|MB|2815058804030|31|1~NM1|QC|1|ALARCON|LIRA||||HN|137500513D~NM1|82|1||||||XX|1952303547~NM1|TT|2|TX HEALTH & HUMAN SERVICES COMMI|||||PI|70051~MOA|||MA01|MA07~DTM|050|20150227~SVC|HC^99309|104|61.37||1~DTM|472|20150202~CAS|CO|45|25.72||253|1.25~CAS|PR|2|15.66~REF|LU|31~REF|6R|1384825360Z1~AMT|B6|78.28~CLP|326-2484|19|104|68.59|17.5|MB|2815058804510|31|1~NM1|QC|1|ALARCON|LIRA||||HN|137500513D~NM1|82|1||||||XX|1962447805~NM1|TT|2|TX HEALTH & HUMAN SERVICES COMMI|||||PI|70051~MOA|||MA01|MA07~DTM|050|20150227~SVC|HC^99309|104|68.59||1~DTM|472|20150205~CAS|CO|45|16.51||253|1.4~CAS|PR|2|17.5~REF|LU|31~REF|6R|1384828750Z1~AMT|B6|87.49~CLP|169-2435|19|70|40.52|10.34|MB|2815058803860|33|1~NM1|QC|1|BARKLEY|MARY||||HN|467427467A~NM1|82|1||||||XX|1952303547~NM1|TT|2|UNITEDHEALTH GROUP|||||PI|30002~MOA|||MA01|MA18~DTM|050|20150227~SVC|HC^99334|70|40.52||1~DTM|472|20150204~CAS|CO|45|18.31||253|.83~CAS|PR|2|10.34~REF|LU|33~REF|6R|1384825353Z1~AMT|B6|51.69~CLP|393-2470|19|64|37.14|9.48|MB|2815058804180|33|1~NM1|QC|1|BONILLA|FRANCISCA||||HN|592713791M~NM1|82|1||||||XX|1952303547~NM1|TT|2|TX HEALTH & HUMAN SERVICES COMMI|||||PI|70051~MOA|||MA01|MA07~DTM|050|20150227~SVC|HC^99324|64|37.14||1~DTM|472|20150205~CAS|CO|45|16.62||253|.76~CAS|PR|2|9.48~REF|LU|33~REF|6R|1384828736Z1~AMT|B6|47.38~CLP|296-2482|19|104|68.59|17.5|MB|2815058804470|31|1~NM1|QC|1|BRUHIN|GEROGIA||||HN|451221720A~NM1|82|1||||||XX|1962447805~NM1|TT|2|UNITEDHEALTH GROUP|||||PI|30002~MOA|||MA01|MA18~DTM|050|20150227~SVC|HC^99309|104|68.59||1~DTM|472|20150205~CAS|CO|45|16.51||253|1.4~CAS|PR|2|17.5~REF|LU|31~REF|6R|1384828748Z1~AMT|B6|87.49~CLP|296-2462|19|104|61.37|15.66|MB|2815058804560|31|1~NM1|QC|1|BRUHIN|GEROGIA||||HN|451221720A~NM1|82|1||||||XX|1952303547~NM1|TT|2|UNITEDHEALTH GROUP|||||PI|30002~MOA|||MA01|MA18~DTM|050|20150227~SVC|HC^99309|104|61.37||1~DTM|472|20150209~CAS|CO|45|25.72||253|1.25~CAS|PR|2|15.66~REF|LU|31~REF|6R|1384834431Z1~AMT|B6|78.28~CLP|372-2445|19|155|91.26|23.28|MB|2815058804110|31|1~NM1|QC|1|BUCK|RICHARD||||HN|431485314A~NM1|82|1||||||XX|1952303547~NM1|TT|2|UNITEDHEALTH GROUP|||||PI|30002~MOA|||MA01|MA18~DTM|050|20150227~SVC|HC^99310|155|91.26||1~DTM|472|20150202~CAS|CO|45|38.6||253|1.86~CAS|PR|2|23.28~REF|LU|31~REF|6R|1384825364Z1~AMT|B6|116.4~CLP|372-2471|19|104|68.59|17.5|MB|2815058804250|31|1~NM1|QC|1|BUCK|RICHARD||||HN|431485314A~NM1|82|1||||||XX|1962447805~NM1|TT|2|UNITEDHEALTH GROUP|||||PI|30002~MOA|||MA01|MA18~DTM|050|20150227~SVC|HC^99309|104|68.59||1~DTM|472|20150205~CAS|CO|45|16.51||253|1.4~CAS|PR|2|17.5~REF|LU|31~REF|6R|1384828739Z1~AMT|B6|87.49~CLP|139-2434|19|109|63.99|16.33|MB|2815058803830|33|1~NM1|QC|1|BUTNER|JOANN||||HN|457565807A~NM1|82|1||||||XX|1952303547~NM1|TT|2|HCSC-BCBS OF TX-FEP B ONLY|||||PI|80012~MOA|||MA01|MA18~DTM|050|20150227~SVC|HC^99335|109|63.99||1~DTM|472|20150204~CAS|CO|45|27.37||253|1.31~CAS|PR|2|16.33~REF|LU|33~REF|6R|1384825352Z1~AMT|B6|81.63~CLP|387-2473|19|104|68.59|17.5|MB|2815058804300|31|1~NM1|QC|1|CAMPBELL|FAYE||||HN|458500080D~NM1|82|1||||||XX|1962447805~NM1|TT|2|HCSC-BCBS OF TX-OTHER B ONLY|||||PI|00044~MOA|||MA01|MA18~DTM|050|20150227~SVC|HC^99309|104|68.59||1~DTM|472|20150205~CAS|CO|45|16.51||253|1.4~CAS|PR|2|17.5~REF|LU|31~REF|6R|1384828741Z1~AMT|B6|87.49~CLP|387-2465|19|104|61.37|15.66|MB|2815058804660|31|1~NM1|QC|1|CAMPBELL|FAYE||||HN|458500080D~NM1|82|1||||||XX|1952303547~NM1|TT|2|HCSC-BCBS OF TX-OTHER B ONLY|||||PI|00044~MOA|||MA01|MA18~DTM|050|20150227~SVC|HC^99309|104|61.37||1~DTM|472|20150209~CAS|CO|45|25.72||253|1.25~CAS|PR|2|15.66~REF|LU|31~REF|6R|1384834435Z1~AMT|B6|78.28~CLP|332-2443|19|104|61.37|15.66|MB|2815058804080|31|1~NM1|QC|1|CARR|BILLIE|J|||HN|410241976D~NM1|82|1||||||XX|1952303547~NM1|TT|2|UNITEDHEALTH GROUP|||||PI|30002~MOA|||MA01|MA18~DTM|050|20150227~SVC|HC^99309|104|61.37||1~DTM|472|20150202~CAS|CO|45|25.72||253|1.25~CAS|PR|2|15.66~REF|LU|31~REF|6R|1384825362Z1~AMT|B6|78.28~CLP|332-2483|19|104|68.59|17.5|MB|2815058804490|31|1~NM1|QC|1|CARR|BILLIE|J|||HN|410241976D~NM1|82|1||||||XX|1962447805~NM1|TT|2|UNITEDHEALTH GROUP|||||PI|30002~MOA|||MA01|MA18~DTM|050|20150227~SVC|HC^99309|104|68.59||1~DTM|472|20150205~CAS|CO|45|16.51||253|1.4~CAS|PR|2|17.5~REF|LU|31~REF|6R|1384828749Z1~AMT|B6|87.49~CLP|298-2433|1|104|61.37|15.66|MB|2815058803800|31|1~NM1|QC|1|COX|DOROTHY||||HN|451013622D~NM1|82|1||||||XX|1952303547~MOA|||MA01~DTM|050|20150227~SVC|HC^99309|104|61.37||1~DTM|472|20150204~CAS|CO|45|25.72||253|1.25~CAS|PR|2|15.66~REF|LU|31~REF|6R|1384825351Z1~AMT|B6|78.28~CLP|363-2479|19|104|68.59|17.5|MB|2815058804420|31|1~NM1|QC|1|DAY|MARY|E|||HN|449605166A~NM1|82|1||||||XX|1962447805~NM1|TT|2|MUTUAL OF OMAHA INSURANCE COMP|||||PI|30090~MOA|||MA01|MA18~DTM|050|20150227~SVC|HC^99309|104|68.59||1~DTM|472|20150205~CAS|CO|45|16.51||253|1.4~CAS|PR|2|17.5~REF|LU|31~REF|6R|1384828746Z1~AMT|B6|87.49~CLP|363-2466|19|104|61.37|15.66|MB|2815058804680|31|1~NM1|QC|1|DAY|MARY|E|||HN|449605166A~NM1|82|1||||||XX|1952303547~NM1|TT|2|MUTUAL OF OMAHA INSURANCE COMP|||||PI|30090~MOA|||MA01|MA18~DTM|050|20150227~SVC|HC^99309|104|61.37||1~DTM|472|20150209~CAS|CO|45|25.72||253|1.25~CAS|PR|2|15.66~REF|LU|31~REF|6R|1384834436Z1~AMT|B6|78.28~CLP|108-2468|19|109|63.99|16.33|MB|2815058804230|33|1~NM1|QC|1|EGBUNIWE|GEORGE|I|||HN|456154959A~NM1|82|1||||||XX|1952303547~NM1|TT|2|TX HEALTH & HUMAN SERVICES COMMI|||||PI|70051~MOA|||MA01|MA07~DTM|050|20150227~SVC|HC^99335|109|63.99||1~DTM|472|20150205~CAS|CO|45|27.37||253|1.31~CAS|PR|2|16.33~REF|LU|33~REF|6R|1384828738Z1~AMT|B6|81.63~CLP|127-2487|19|104|68.59|17.5|MB|2815058804760|31|1~NM1|QC|1|GALIMORE|FELIX||||HN|439522668A~NM1|82|1||||||XX|1962447805~NM1|TT|2|TX HEALTH & HUMAN SERVICES COMMI|||||PI|70051~MOA|||MA01|MA07~DTM|050|20150227~SVC|HC^99309|104|68.59||1~DTM|472|20150209~CAS|CO|45|16.51||253|1.4~CAS|PR|2|17.5~REF|LU|31~REF|6R|1384834440Z1~AMT|B6|87.49~CLP|327-2446|19|104|61.37|15.66|MB|2815058804130|31|1~NM1|QC|1|HYDE|MARY|E|||HN|441036732D~NM1|82|1||||||XX|1952303547~NM1|TT|2|WPS - TRICARE FOR LIFE|||||PI|60000~MOA|||MA01|MA18~DTM|050|20150227~SVC|HC^99309|104|61.37||1~DTM|472|20150202~CAS|CO|45|25.72||253|1.25~CAS|PR|2|15.66~REF|LU|31~REF|6R|1384825367Z1~AMT|B6|78.28~CLP|327-2478|19|104|68.59|17.5|MB|2815058804400|31|1~NM1|QC|1|HYDE|MARY|E|||HN|441036732D~NM1|82|1||||||XX|1962447805~NM1|TT|2|WPS - TRICARE FOR LIFE|||||PI|60000~MOA|||MA01|MA18~DTM|050|20150227~SVC|HC^99309|104|68.59||1~DTM|472|20150205~CAS|CO|45|16.51||253|1.4~CAS|PR|2|17.5~REF|LU|31~REF|6R|1384828745Z1~AMT|B6|87.49~CLP|364-2441|19|104|61.37|15.66|MB|2815058804010|31|1~NM1|QC|1|JACKSON|MARIAN||||HN|463181950D~NM1|82|1||||||XX|1952303547~NM1|TT|2|AETNA, INC.|||||PI|00060~MOA|||MA01|MA18~DTM|050|20150227~SVC|HC^99309|104|61.37||1~DTM|472|20150202~CAS|CO|45|25.72||253|1.25~CAS|PR|2|15.66~REF|LU|31~REF|6R|1384825359Z1~AMT|B6|78.28~CLP|364-2477|19|104|68.59|17.5|MB|2815058804370|31|1~NM1|QC|1|JACKSON|MARIAN||||HN|463181950D~NM1|82|1||||||XX|1962447805~NM1|TT|2|AETNA, INC.|||||PI|00060~MOA|||MA01|MA18~DTM|050|20150227~SVC|HC^99309|104|68.59||1~DTM|472|20150205~CAS|CO|45|16.51||253|1.4~CAS|PR|2|17.5~REF|LU|31~REF|6R|1384828744Z1~AMT|B6|87.49~CLP|218-2489|19|104|68.59|17.5|MB|2815058804790|32|1~NM1|QC|1|JEFFREY|JOHN|G|||HN|450546301A~NM1|82|1||||||XX|1962447805~NM1|TT|2|WPS - TRICARE FOR LIFE|||||PI|60000~MOA|||MA01|MA18~DTM|050|20150227~SVC|HC^99309|104|68.59||1~DTM|472|20150209~CAS|CO|45|16.51||253|1.4~CAS|PR|2|17.5~REF|LU|32~REF|6R|1384834441Z1~AMT|B6|87.49~CLP|360-2431|19|104|61.37|15.66|MB|2815058803770|31|1~NM1|QC|1|JOHNSTON|CLEORA||||HN|159149272D~NM1|82|1||||||XX|1952303547~NM1|TT|2|UNITEDHEALTH GROUP|||||PI|30002~MOA|||MA01|MA18~DTM|050|20150227~SVC|HC^99309|104|61.37||1~DTM|472|20150204~CAS|CO|45|25.72||253|1.25~CAS|PR|2|15.66~REF|LU|31~REF|6R|1384825350Z1~AMT|B6|78.28~CLP|360-2440|19|104|61.37|15.66|MB|2815058803980|31|1~NM1|QC|1|JOHNSTON|CLEORA||||HN|159149272D~NM1|82|1||||||XX|1952303547~NM1|TT|2|UNITEDHEALTH GROUP|||||PI|30002~MOA|||MA01|MA18~DTM|050|20150227~SVC|HC^99309|104|61.37||1~DTM|472|20150202~CAS|CO|45|25.72||253|1.25~CAS|PR|2|15.66~REF|LU|31~REF|6R|1384825358Z1~AMT|B6|78.28~CLP|273-2476|19|104|68.59|17.5|MB|2815058804340|31|1~NM1|QC|1|JONES|NORMAN|K|||HN|720074281A~NM1|82|1||||||XX|1962447805~NM1|TT|2|BLUE CROSS OF CALIFORNIA|||||PI|00170~MOA|||MA01|MA18~DTM|050|20150227~SVC|HC^99309|104|68.59||1~DTM|472|20150205~CAS|CO|45|16.51||253|1.4~CAS|PR|2|17.5~REF|LU|31~REF|6R|1384828743Z1~AMT|B6|87.49~CLP|386-2480|19|155|101.99|26.02|MB|2815058803750|31|1~NM1|QC|1|MCCUISTION|DORIS|J|||HN|451425052A~NM1|82|1||||||XX|1962447805~NM1|TT|2|UNITEDHEALTH GROUP|||||PI|30002~MOA|||MA01|MA18~DTM|050|20150227~SVC|HC^99310|155|101.99||1~DTM|472|20150129~CAS|CO|45|24.91||253|2.08~CAS|PR|2|26.02~REF|LU|31~REF|6R|1384816681Z1~AMT|B6|130.09~CLP|289-2475|1|155|101.99|26.02|MB|2815058803730|31|1~NM1|QC|1|PORCHE|MARGARET||||HN|281421765A~NM1|82|1||||||XX|1962447805~MOA|||MA01~DTM|050|20150227~SVC|HC^99310|155|101.99||1~DTM|472|20150130~CAS|CO|45|24.91||253|2.08~CAS|PR|2|26.02~REF|LU|31~REF|6R|1384816680Z1~AMT|B6|130.09~CLP|289-2438|1|104|61.37|15.66|MB|2815058803930|31|1~NM1|QC|1|PORCHE|MARGARET||||HN|281421765A~NM1|82|1||||||XX|1952303547~MOA|||MA01~DTM|050|20150227~SVC|HC^99309|104|61.37||1~DTM|472|20150204~CAS|CO|45|25.72||253|1.25~CAS|PR|2|15.66~REF|LU|31~REF|6R|1384825356Z1~AMT|B6|78.28~CLP|289-2459|1|104|61.37|15.66|MB|2815058804540|31|1~NM1|QC|1|PORCHE|MARGARET||||HN|281421765A~NM1|82|1||||||XX|1952303547~MOA|||MA01~DTM|050|20150227~SVC|HC^99309|104|61.37||1~DTM|472|20150209~CAS|CO|45|25.72||253|1.25~CAS|PR|2|15.66~REF|LU|31~REF|6R|1384834430Z1~AMT|B6|78.28~CLP|391-2437|19|104|61.37|15.66|MB|2815058803910|31|1~NM1|QC|1|POWELL|SANDRA|M|||HN|455584786A~NM1|82|1||||||XX|1952303547~NM1|TT|2|UNITEDHEALTHCARE|||||PI|00082~MOA|||MA01|MA18~DTM|050|20150227~SVC|HC^99309|104|61.37||1~DTM|472|20150204~CAS|CO|45|25.72||253|1.25~CAS|PR|2|15.66~REF|LU|31~REF|6R|1384825355Z1~AMT|B6|78.28~CLP|391-2444|19|155|91.26|23.28|MB|2815058804050|31|1~NM1|QC|1|POWELL|SANDRA|M|||HN|455584786A~NM1|82|1||||||XX|1952303547~NM1|TT|2|UNITEDHEALTHCARE|||||PI|00082~MOA|||MA01|MA18~DTM|050|20150227~SVC|HC^99310|155|91.26||1~DTM|472|20150202~CAS|CO|45|38.6||253|1.86~CAS|PR|2|23.28~REF|LU|31~REF|6R|1384825361Z1~AMT|B6|116.4~CLP|391-2460|19|104|61.37|15.66|MB|2815058804590|31|1~NM1|QC|1|POWELL|SANDRA|M|||HN|455584786A~NM1|82|1||||||XX|1952303547~NM1|TT|2|UNITEDHEALTHCARE|||||PI|00082~MOA|||MA01|MA18~DTM|050|20150227~SVC|HC^99309|104|61.37||1~DTM|472|20150209~CAS|CO|45|25.72||253|1.25~CAS|PR|2|15.66~REF|LU|31~REF|6R|1384834432Z1~AMT|B6|78.28~CLP|357-2203|1|79|51.8|13.21|MB|2815058803650|32|1~NM1|QC|1|RUTHERFORD|ODESSA||||HN|454382530A~NM1|82|1||||||XX|1962447805~MOA|||MA01~DTM|050|20150227~SVC|HC^99308|79|51.8||1~DTM|472|20141205~CAS|CO|45|12.93||253|1.06~CAS|PR|2|13.21~REF|LU|32~REF|6R|1384808316Z1~AMT|B6|66.07~CLP|357-2238|1|104|68.25|17.41|MB|2815058803680|32|1~NM1|QC|1|RUTHERFORD|ODESSA||||HN|454382530A~NM1|82|1||||||XX|1962447805~MOA|||MA01~DTM|050|20150227~SVC|HC^99309|104|68.25||1~DTM|472|20141117~CAS|CO|45|16.95||253|1.39~CAS|PR|2|17.41~REF|LU|32~REF|6R|1384808567Z1~AMT|B6|87.05~CLP|357-2327|1|79|51.8|13.21|MB|2815058803710|32|1~NM1|QC|1|RUTHERFORD|ODESSA||||HN|454382530A~NM1|82|1||||||XX|1962447805~MOA|||MA01~DTM|050|20150227~SVC|HC^99308|79|51.8||1~DTM|472|20141103~CAS|CO|45|12.93||253|1.06~CAS|PR|2|13.21~REF|LU|32~REF|6R|1384809010Z1~AMT|B6|66.07~CLP|50-2452|19|226|131.74|33.61|MB|2815058803620|21|1~NM1|QC|1|SANDERS|TONY|R|||HN|467086770A~NM1|82|1||||||XX|1952303547~NM1|TT|2|TX HEALTH & HUMAN SERVICES COMMI|||||PI|70051~MOA|||MA01|MA07~DTM|050|20150227~SVC|HC^99233|120|69.86||1~DTM|472|20141208~CAS|CO|45|30.89||253|1.43~CAS|PR|2|17.82~REF|LU|21~REF|6R|1384803917Z1~AMT|B6|89.11~SVC|HC^99356|106|61.88||1~DTM|472|20141208~CAS|CO|45|27.07||253|1.26~CAS|PR|2|15.79~REF|LU|21~REF|6R|1384803917Z2~AMT|B6|78.93~CLP|50-2485|19|104|68.59|17.5|MB|2815058804720|32|1~NM1|QC|1|SANDERS|TONY|R|||HN|467086770A~NM1|82|1||||||XX|1962447805~NM1|TT|2|TX HEALTH & HUMAN SERVICES COMMI|||||PI|70051~MOA|||MA01|MA07~DTM|050|20150227~SVC|HC^99309|104|68.59||1~DTM|472|20150209~CAS|CO|45|16.51||253|1.4~CAS|PR|2|17.5~REF|LU|32~REF|6R|1384834438Z1~AMT|B6|87.49~CLP|329-2461|19|155|91.26|23.28|MB|2815058804620|31|1~NM1|QC|1|SCHROEDER|EDNA|O|||HN|466145851D~NM1|82|1||||||XX|1952303547~NM1|TT|2|UNITEDHEALTH GROUP|||||PI|30002~MOA|||MA01|MA18~DTM|050|20150227~SVC|HC^99310|155|91.26||1~DTM|472|20150209~CAS|CO|45|38.6||253|1.86~CAS|PR|2|23.28~REF|LU|31~REF|6R|1384834433Z1~AMT|B6|116.4~CLP|362-2472|19|104|68.59|17.5|MB|2815058804280|31|1~NM1|QC|1|TAPPEN|FRANCES||||HN|510093885D~NM1|82|1||||||XX|1962447805~NM1|TT|2|WPS - TRICARE FOR LIFE|||||PI|60000~MOA|||MA01|MA18~DTM|050|20150227~SVC|HC^99309|104|68.59||1~DTM|472|20150205~CAS|CO|45|16.51||253|1.4~CAS|PR|2|17.5~REF|LU|31~REF|6R|1384828740Z1~AMT|B6|87.49~CLP|376-2436|19|51|29.99|7.65|MB|2815058803880|31|1~NM1|QC|1|TRAVIS|ALFRED|M|||HN|449620738A~NM1|82|1||||||XX|1952303547~NM1|TT|2|AETNA, INC.|||||PI|00060~MOA|||MA01|MA18~DTM|050|20150227~SVC|HC^99307|51|29.99||1~DTM|472|20150204~CAS|CO|45|12.75||253|.61~CAS|PR|2|7.65~REF|LU|31~REF|6R|1384825354Z1~AMT|B6|38.25~CLP|68-2469|19|109|63.99|16.33|MB|2815058804200|33|1~NM1|QC|1|YOUNG|AUDREY||||HN|449683350A~NM1|82|1||||||XX|1952303547~NM1|TT|2|UNITEDHEALTH GROUP|||||PI|30002~MOA|||MA01|MA18~DTM|050|20150227~SVC|HC^99335|109|63.99||1~DTM|472|20150205~CAS|CO|45|27.37||253|1.31~CAS|PR|2|16.33~REF|LU|33~REF|6R|1384828737Z1~AMT|B6|81.63~SE|562|0002~GE|2|698~IEA|1|000000703~