ISA|00|          |00|          |ZZ|ZIRMED         |ZZ|GATE0084       |150721|0038|U|00401|000001165|1|P|^~GS|HP|ZIRMED|GATE0084|20150721|0038|1160|X|004010X091A1~ST|835|0001~BPR|I|240.18|C|CHK||||||||||||20150717~TRN|1|QC59723232|1411289245|000087726~DTM|405|20150717~N1|PR|UNITED HEALTHCARE INSURANCE COMPANY|XV|87726~N3|P O BOX 740800~N4|ATLANTA|GA|303740800~REF|2U|87726~PER|CX|CHICO SERVICE CENTER|TE|8778423210~N1|PE|SUMANA KETHA|XX|1063835361~N3|2925 SKYWAY CIR N~N4|IRVING|TX|750380000~REF|TJ|464596718~LX|1~TS3|1063835361|11|20151231|4|478~CLP|1462-3445|1|145|120.09||13|5115750223 0199718050|11|1~NM1|QC|1|KARMAKAR|ABHIJEET~NM1|IL|1|KARMAKAR|ABHIJEET||||MI|962715627~NM1|82|1|KETHA|SUMANA||||XX|1962447805~REF|CE|CHOYC+~REF|1L|5U1766~DTM|050|20150701~DTM|232|20150630~AMT|AU|145~SVC|HC^99395|145|120.09||1~DTM|472|20150630~CAS|CO|45|24.91~REF|6R|1488605608Z1~AMT|B6|120.09~CLP|5040-3444|1|145|120.09||13|5115750224 0199718060|11|1~NM1|QC|1|KARMAKAR|SUTAPA~NM1|IL|1|KARMAKAR|SUTAPA||||MI|962715627~NM1|74|1||ABHIJEET~NM1|82|1|KETHA|SUMANA||||XX|1962447805~REF|1L|5U1766~REF|CE|CHOYC+~DTM|050|20150701~DTM|232|20150630~AMT|AU|145~SVC|HC^99395|145|120.09||1~DTM|472|20150630~CAS|CO|45|24.91~REF|6R|1488624626Z1~AMT|B6|120.09~CLP|6043-3480|1|58|0|31.05|13|5127364504 0015924909|11|1~NM1|QC|1|SINGH|AMIT KUMAR~NM1|IL|1|SINGH|AMIT KUMAR||||MI|931891256~NM1|82|1|KETHA|SUMANA||||XX|1962447805~REF|1L|902866~REF|CE|CHOYC+~DTM|050|20150713~DTM|232|20150701~AMT|AU|34~SVC|HC^99211^25|24|0||1~DTM|472|20150701~CAS|CO|234|24~REF|6R|1497813146Z1~LQ|HE|M80~SVC|HC^J3420|5|0||1~DTM|472|20150701~CAS|CO|45|2.95~CAS|PR|1|2.05~REF|6R|1497813146Z2~AMT|B6|2.05~SVC|HC^96372|29|0||1~DTM|472|20150701~CAS|PR|1|29~REF|6R|1497813146Z3~AMT|B6|29~CLP|6043-3481|1|130|0|116.66|13|5127364505 0015924910|11|1~NM1|QC|1|SINGH|AMIT KUMAR~NM1|IL|1|SINGH|AMIT KUMAR||||MI|931891256~NM1|82|1|KETHA|SUMANA||||XX|1962447805~REF|CE|CHOYC+~REF|1L|902866~DTM|050|20150713~DTM|232|20150706~AMT|AU|130~SVC|HC^99214|130|0||1~DTM|472|20150706~CAS|CO|45|13.34~CAS|PR|1|116.66~REF|6R|1497813147Z1~AMT|B6|116.66~SE|85|0001~GE|1|1160~IEA|1|000001165~