ISA|00|          |00|          |ZZ|ZIRMED         |30|611340767      |150331|0922|U|00401|000000725|0|P|^~GS|HP|ZIRMED|611340767|20150331|0922|720|X|004010X091A1~ST|835|0001~BPR|I|14|C|ACH|CCP|01|011900445|DA|0000009046|1066033492||01|111000025|DA|488038453432|20150403~TRN|1|815089480003810|1066033492~REF|EV|611340767~DTM|405|20150331~N1|PR|AETNA~N3|151 FARMINGTON AVENUE~N4|HARTFORD|CT|06156~N1|PE|KETHA, SUMANA|XX|1063835361~N3|2925 SKYWAY CIR N~N4|IRVING|TX|750383510~REF|PQ|762610840~REF|TJ|464596718~LX|1~TS3|1063835361|31|20151231|1|104~CLP|364-2477|2|104|14|3.5|15|EJPBLVDSK0000|31|1~NM1|QC|1|JACKSON|MARIAN|A|||MI|463181950D~NM1|74|1||||||C|W058767023~NM1|82|1|KETHA|SUMANA||||XX|1063835361~REF|1L|0895980-030-00100-CI~REF|CE|TRADITIONAL CHOICE~DTM|232|20150205~DTM|233|20150205~DTM|050|20150317~PER|CX||TE|8886323862~AMT|AU|104~SVC|HC^99309|104|14||1~DTM|472|20150205~CAS|OA|23|86.5~CAS|PR|2|3.5~REF|6R|1384828744Z1~AMT|B6|86.09~LQ|HE|N192~SE|34|0001~GE|1|720~IEA|1|000000725~