ISA|00|          |00|          |ZZ|ZIRMED         |ZZ|GATE0084       |150113|1414|U|00401|000000460|1|P|^~GS|HP|ZIRMED|GATE0084|20150113|1414|455|X|004010X091A1~ST|835|0001~BPR|I|15.58|C|ACH|CCP|01|124384877|DA|1470858534|1411289245|000087726|01|111000025|DA|004785310244|20150114~TRN|1|1QG22786801|1411289245|000087726~DTM|405|20150109~N1|PR|UNITED HEALTHCARE INSURANCE COMPANY|XV|87726~N3|9900 BREN ROAD~N4|MINNETONKA|MN|553430000~REF|2U|87726~PER|CX|ATLANTA SERVICE CENTER|TE|8778423210~N1|PE|SUMANA KETHA MD PA|XX|1063835361~N3|2925 SKYWAY CIRCLE NORTH~N4|IRVING|TX|750380000~REF|TJ|201401614~LX|1~TS3|1063835361|31|20151231|1|104~CLP|271-1175|2|104|15.58||13|4881833398 0016419817|31|1~NM1|QC|1|BOYD|BETTYE|N~NM1|IL|1|BOYD|BETTYE|N|||MI|000500550~NM1|82|1|MARCO|DALE||||XX|1952303547~REF|1L|744260~REF|CE|CHOYC+~DTM|050|20150107~DTM|232|20141110~AMT|AU|76.64~SVC|HC^99309|104|15.58||1~DTM|472|20141110~CAS|OA|23|88.42~REF|6R|1326333731Z1~AMT|B6|76.64~LQ|HE|N23~SE|31|0001~GE|1|455~IEA|1|000000460~