ISA|00|          |00|          |ZZ|ZIRMED         |29|E12705         |150122|0648|U|00401|000000484|0|P|^~GS|HP|ZIRMED|E12705|20150122|0648|479|X|004010X091A1~ST|835|0001~BPR|H|0|C|NON||||||||||||20150122~TRN|1|458566030|1205296137~REF|EV|E12705~DTM|405|20150121~N1|PR|NOVITAS SOLUTIONS, INC.~N3|PO BOX 3110~N4|MECHANICSBURG|PA|170551826~REF|2U|04412~PER|CX||TE|8552528782~N1|PE|DFW GERIATRICS PLLC|XX|1063835361~N3|2925 SKYWAY CIRCLE NORTH~N4|IRVING|TX|750383510~REF|TJ|464596718~LX|1~CLP|256-1651|4|193|0||MB|2815020799520|31|1~NM1|QC|1|JOAN|CURRRINGT||||HN|290268899D2~NM1|82|1||||||XX|1952303547~MOA|||MA130|MA61~DTM|050|20150120~SVC|HC^99306|193|0||||1~DTM|472|20141024~CAS|CO|140|193~REF|LU|31~REF|6R|1349234480Z1~LQ|HE|MA130~LQ|HE|MA61~CLP|297-1566|4|193|0||MB|2815020799250|32|1~NM1|QC|1|DENTON|HARVEY||||HN|451549102A~NM1|82|1||||||XX|1962447805~MOA|||MA130|MA61~DTM|050|20150120~SVC|HC^99306|193|0||||1~DTM|472|20141205~CAS|CO|140|193~REF|LU|32~REF|6R|1349234356Z1~LQ|HE|MA130~LQ|HE|MA61~CLP|291-1416|4|315|0||MB|2815020799560|21|1~NM1|QC|1|KIMBERLY|DICKERSON||||HN|456393897A~NM1|82|1||||||XX|1962447805~MOA|||MA130|MA61~DTM|050|20150120~SVC|HC^99291|315|0||||1~DTM|472|20141003~CAS|CO|140|315~REF|LU|21~REF|6R|1349234484Z1~LQ|HE|MA130~LQ|HE|MA61~CLP|291-1417|4|123|0||MB|2815020799570|21|1~NM1|QC|1|KIMBERLY|DICKERSON||||HN|456393897A~NM1|82|1||||||XX|1962447805~MOA|||MA130|MA61~DTM|050|20150120~SVC|HC^99239|123|0||||1~DTM|472|20141004~CAS|CO|140|123~REF|LU|21~REF|6R|1349234485Z1~LQ|HE|MA130~LQ|HE|MA61~CLP|136-1576|1|51|0||MB|2815020799620|32|1~NM1|QC|1|JEFFERY|JOHN|H|||HN|467644818A~NM1|82|1||||||XX|1962447805~MOA|||MA01~DTM|050|20150120~SVC|HC^99307|51|0||||1~DTM|472|20141111~CAS|OA|18|51~REF|LU|32~REF|6R|1349234497Z1~LQ|HE|N522~CLP|253-1575|1|51|0||MB|2815020799610|32|1~NM1|QC|1|MIXON|MARION||||HN|418423701A~NM1|82|1||||||XX|1962447805~MOA|||MA01~DTM|050|20150120~SVC|HC^99307|51|0||||1~DTM|472|20141111~CAS|OA|18|51~REF|LU|32~REF|6R|1349234496Z1~LQ|HE|N522~SE|86|0001~ST|835|0002~BPR|I|2825.93|C|ACH|CCP|01|081517693|DA|152302017594|1205296137||01|111000025|DA|488038453432|20150122~TRN|1|889409543|1205296137~REF|EV|E12705~DTM|405|20150121~N1|PR|NOVITAS SOLUTIONS, INC.~N3|PO BOX 3110~N4|MECHANICSBURG|PA|170551826~REF|2U|04412~PER|CX||TE|8552528782~N1|PE|DFW GERIATRICS PLLC|XX|1063835361~N3|2925 SKYWAY CIRCLE NORTH~N4|IRVING|TX|750383510~REF|TJ|464596718~LX|1~CLP|212-518|19|93|54.43|13.89|MB|2815008255810|33|1~NM1|QC|1|AYRES|VIRGINIA|W|||HN|463180456D~NM1|82|1||||||XX|1952303547~NM1|TT|2|UNITEDHEALTH GROUP|||||PI|30002~MOA|||MA01|MA18~DTM|050|20150108~SVC|HC^99325^GW|93|54.43||1~DTM|472|20140813~CAS|CO|45|23.57||253|1.11~CAS|PR|2|13.89~REF|LU|33~REF|6R|1340423493Z1~AMT|B6|69.43~CLP|212-1174|19|109|63.87|16.29|MB|2815008255820|33|1~NM1|QC|1|AYRES|VIRGINIA|W|||HN|463180456D~NM1|82|1||||||XX|1952303547~NM1|TT|2|UNITEDHEALTH GROUP|||||PI|30002~MOA|||MA01|MA18~DTM|050|20150108~SVC|HC^99335^GW|109|63.87||1~DTM|472|20141110~CAS|CO|45|27.54||253|1.3~CAS|PR|2|16.29~REF|LU|33~REF|6R|1340424372Z1~AMT|B6|81.46~CLP|7-918|19|79|51.8|13.21|MB|2815008256050|32|1~NM1|QC|1|BACCUS|MARILYN|D|||HN|466179221T~NM1|82|1||||||XX|1962447805~NM1|TT|2|TX HEALTH & HUMAN SERVICES COMMI|||||PI|70051~MOA|||MA01|MA07~DTM|050|20150108~SVC|HC^99308|79|51.8||1~DTM|472|20141103~CAS|CO|45|12.93||253|1.06~CAS|PR|2|13.21~REF|LU|32~REF|6R|1340450498Z1~AMT|B6|66.07~CLP|194-498|19|109|63.87|16.29|MB|2815008255830|33|1~NM1|QC|1|BATIS|PEGGIE||||HN|457409305A~NM1|82|1||||||XX|1952303547~NM1|TT|2|GOV T EMPLOYEE S HEALTH ASSN|||||PI|80054~MOA|||MA01|MA18~DTM|050|20150108~SVC|HC^99335^GW|109|63.87||1~DTM|472|20140808~CAS|CO|45|27.54||253|1.3~CAS|PR|2|16.29~REF|LU|33~REF|6R|1340424382Z1~AMT|B6|81.46~CLP|246-874|19|120|78.09|19.92|MB|2815008256060|21|1~NM1|QC|1|BONNER|CARL||||HN|450968404A~NM1|82|1||||||XX|1962447805~NM1|TT|2|TX HEALTH & HUMAN SERVICES COMMI|||||PI|70051~MOA|||MA01|MA07~DTM|050|20150108~SVC|HC^99233|120|78.09||1~DTM|472|20141012~CAS|CO|45|20.4||253|1.59~CAS|PR|2|19.92~REF|LU|21~REF|6R|1340456792Z1~AMT|B6|99.6~CLP|119-999|19|70|40.79|10.4|MB|2815008256070|33|1~NM1|QC|1|BUNNELL|EVA|L|||HN|450201772D~NM1|82|1||||||XX|1952303547~NM1|TT|2|TX HEALTH & HUMAN SERVICES COMMI|||||PI|70051~MOA|||MA01|MA07~DTM|050|20150108~SVC|HC^99334|70|40.79||1~DTM|472|20141110~CAS|CO|45|17.98||253|.83~CAS|PR|2|10.4~REF|LU|33~REF|6R|1340460281Z1~AMT|B6|52.02~CLP|139-1302|19|109|63.87|16.29|MB|2815008256080|33|1~NM1|QC|1|BUTNER|JOANN||||HN|457565807A~NM1|82|1||||||XX|1952303547~NM1|TT|2|HCSC-BCBS OF TX-FEP B ONLY|||||PI|80012~MOA|||MA01|MA18~DTM|050|20150108~SVC|HC^99335|109|63.87||1~DTM|472|20140929~CAS|CO|45|27.54||253|1.3~CAS|PR|2|16.29~REF|LU|33~REF|6R|1340461693Z1~AMT|B6|81.46~CLP|117-1303|19|104|61.06|15.58|MB|2815008256090|31|1~NM1|QC|1|CHANCE|EUGENIA||||HN|466209252D~NM1|82|1||||||XX|1952303547~NM1|TT|2|TX HEALTH & HUMAN SERVICES COMMI|||||PI|70051~MOA|||MA01|MA07~DTM|050|20150108~SVC|HC^99309|104|61.06||1~DTM|472|20140929~CAS|CO|45|26.11||253|1.25~CAS|PR|2|15.58~REF|LU|31~REF|6R|1340461766Z1~AMT|B6|77.89~CLP|117-1275|19|109|63.87|16.29|MB|2815008256100|33|1~NM1|QC|1|CHANCE|EUGENIA||||HN|466209252D~NM1|82|1||||||XX|1952303547~NM1|TT|2|TX HEALTH & HUMAN SERVICES COMMI|||||PI|70051~MOA|||MA01|MA07~DTM|050|20150108~SVC|HC^99335|109|63.87||1~DTM|472|20141015~CAS|CO|45|27.54||253|1.3~CAS|PR|2|16.29~REF|LU|33~REF|6R|1340461793Z1~AMT|B6|81.46~CLP|117-1438|19|104|68.25|17.41|MB|2815008256110|31|1~NM1|QC|1|CHANCE|EUGENIA||||HN|466209252D~NM1|82|1||||||XX|1962447805~NM1|TT|2|TX HEALTH & HUMAN SERVICES COMMI|||||PI|70051~MOA|||MA01|MA07~DTM|050|20150108~SVC|HC^99309|104|68.25||1~DTM|472|20141009~CAS|CO|45|16.95||253|1.39~CAS|PR|2|17.41~REF|LU|31~REF|6R|1340461826Z1~AMT|B6|87.05~CLP|182-1145|19|222|129.81|33.11|MB|2815008256120|33|1~NM1|QC|1|EDWARDS|PATSY|R|||HN|455501964A~NM1|82|1||||||XX|1952303547~NM1|TT|2|NORTH AMERICAN INSURANCE COMPANY|||||PI|30155~MOA|||MA01|MA18~DTM|050|20150108~SVC|HC^99337|222|129.81||1~DTM|472|20141022~CAS|CO|45|56.43||253|2.65~CAS|PR|2|33.11~REF|LU|33~REF|6R|1340461991Z1~AMT|B6|165.57~CLP|191-180|19|121|78.95|20.14|MB|2815008659290|31|1~NM1|QC|1|FERNANDES|ALEKUTTY|H|||HN|456233322A~NM1|82|1||||||XX|1962447805~NM1|TT|2|MUTUAL OF OMAHA INSURANCE COMP|||||PI|30090~MOA|||MA01|MA18~DTM|050|20150108~SVC|HC^99316|121|78.95||1~DTM|472|20140814~CAS|CO|45|20.3||253|1.61~CAS|PR|2|20.14~REF|LU|31~REF|6R|1340626892Z1~AMT|B6|100.7~CLP|129-679|19|104|68.25|17.41|MB|2815008255840|32|1~NM1|QC|1|GARN|JAMES|F|||HN|467240006A~NM1|82|1||||||XX|1962447805~NM1|TT|2|TX HEALTH & HUMAN SERVICES COMMI|||||PI|70051~MOA|||MA01|MA07~DTM|050|20150108~SVC|HC^99309^GW|104|68.25||1~DTM|472|20140908~CAS|CO|45|16.95||253|1.39~CAS|PR|2|17.41~REF|LU|32~REF|6R|1340424408Z1~AMT|B6|87.05~CLP|70-736|19|104|68.25|17.41|MB|2815008255850|32|1~NM1|QC|1|GOLSTON|HENRIETTA||||HN|449568468A~NM1|82|1||||||XX|1962447805~NM1|TT|2|TX HEALTH & HUMAN SERVICES COMMI|||||PI|70051~MOA|||MA01|MA07~DTM|050|20150108~SVC|HC^99309^GW|104|68.25||1~DTM|472|20140903~CAS|CO|45|16.95||253|1.39~CAS|PR|2|17.41~REF|LU|32~REF|6R|1340424481Z1~AMT|B6|87.05~CLP|116-731|19|104|68.25|17.41|MB|2815008255860|31|1~NM1|QC|1|HERVEY|EUGENE|J|||HN|449680119A~NM1|82|1||||||XX|1962447805~NM1|TT|2|GOV T EMPLOYEE S HEALTH ASSN|||||PI|80054~MOA|||MA01|MA18~DTM|050|20150108~SVC|HC^99309^GW|104|68.25||1~DTM|472|20140826~CAS|CO|45|16.95||253|1.39~CAS|PR|2|17.41~REF|LU|31~REF|6R|1340424713Z1~AMT|B6|87.05~CLP|116-729|19|51|33.58|8.57|MB|2815008255870|31|1~NM1|QC|1|HERVEY|EUGENE|J|||HN|449680119A~NM1|82|1||||||XX|1962447805~NM1|TT|2|GOV T EMPLOYEE S HEALTH ASSN|||||PI|80054~MOA|||MA01|MA18~DTM|050|20150108~SVC|HC^99307^GW|51|33.58||1~DTM|472|20140911~CAS|CO|45|8.16||253|.69~CAS|PR|2|8.57~REF|LU|31~REF|6R|1340424806Z1~AMT|B6|42.84~CLP|116-1003|19|104|61.06|15.58|MB|2815008255880|31|1~NM1|QC|1|HERVEY|EUGENE|J|||HN|449680119A~NM1|82|1||||||XX|1952303547~NM1|TT|2|GOV T EMPLOYEE S HEALTH ASSN|||||PI|80054~MOA|||MA01|MA18~DTM|050|20150108~SVC|HC^99309^GW|104|61.06||1~DTM|472|20141110~CAS|CO|45|26.11||253|1.25~CAS|PR|2|15.58~REF|LU|31~REF|6R|1340424902Z1~AMT|B6|77.89~CLP|9-137|19|79|51.8|13.21|MB|2815008255890|32|1~NM1|QC|1|KISER|BEN||||HN|456687960M~NM1|82|1||||||XX|1962447805~NM1|TT|2|TX HEALTH & HUMAN SERVICES COMMI|||||PI|70051~MOA|||MA01|MA07~DTM|050|20150108~SVC|HC^99308^GW|79|51.8||1~DTM|472|20140714~CAS|CO|45|12.93||253|1.06~CAS|PR|2|13.21~REF|LU|32~REF|6R|1340425030Z1~AMT|B6|66.07~CLP|9-651|19|51|33.58|8.57|MB|2815008255900|32|1~NM1|QC|1|KISER|BEN||||HN|456687960M~NM1|82|1||||||XX|1962447805~NM1|TT|2|TX HEALTH & HUMAN SERVICES COMMI|||||PI|70051~MOA|||MA01|MA07~DTM|050|20150108~SVC|HC^99307^GW|51|33.58||1~DTM|472|20140922~CAS|CO|45|8.16||253|.69~CAS|PR|2|8.57~REF|LU|32~REF|6R|1340426749Z1~AMT|B6|42.84~CLP|9-710|19|51|33.58|8.57|MB|2815008255910|32|1~NM1|QC|1|KISER|BEN||||HN|456687960M~NM1|82|1||||||XX|1962447805~NM1|TT|2|TX HEALTH & HUMAN SERVICES COMMI|||||PI|70051~MOA|||MA01|MA07~DTM|050|20150108~SVC|HC^99307^GW|51|33.58||1~DTM|472|20140916~CAS|CO|45|8.16||253|.69~CAS|PR|2|8.57~REF|LU|32~REF|6R|1340426754Z1~AMT|B6|42.84~CLP|9-683|19|104|68.25|17.41|MB|2815008255920|32|1~NM1|QC|1|KISER|BEN||||HN|456687960M~NM1|82|1||||||XX|1962447805~NM1|TT|2|TX HEALTH & HUMAN SERVICES COMMI|||||PI|70051~MOA|||MA01|MA07~DTM|050|20150108~SVC|HC^99309^GW|104|68.25||1~DTM|472|20140908~CAS|CO|45|16.95||253|1.39~CAS|PR|2|17.41~REF|LU|32~REF|6R|1340426775Z1~AMT|B6|87.05~CLP|9-945|19|51|33.58|8.57|MB|2815008255930|32|1~NM1|QC|1|KISER|BEN||||HN|456687960M~NM1|82|1||||||XX|1962447805~NM1|TT|2|TX HEALTH & HUMAN SERVICES COMMI|||||PI|70051~MOA|||MA01|MA07~DTM|050|20150108~SVC|HC^99307^GW|51|33.58||1~DTM|472|20140519~CAS|CO|45|8.16||253|.69~CAS|PR|2|8.57~REF|LU|32~REF|6R|1340426777Z1~AMT|B6|42.84~CLP|9-917|19|104|61.06|15.58|MB|2815008255940|32|1~NM1|QC|1|KISER|BEN||||HN|456687960M~NM1|82|1||||||XX|1952303547~NM1|TT|2|TX HEALTH & HUMAN SERVICES COMMI|||||PI|70051~MOA|||MA01|MA07~DTM|050|20150108~SVC|HC^99309^GW|104|61.06||1~DTM|472|20141103~CAS|CO|45|26.11||253|1.25~CAS|PR|2|15.58~REF|LU|32~REF|6R|1340426778Z1~AMT|B6|77.89~CLP|29-1296|19|109|71.38|18.21|MB|2815008256150|33|1~NM1|QC|1|MOFFATT|RUBY|S|||HN|511149871B~NM1|82|1||||||XX|1962447805~NM1|TT|2|NORTH AMERICAN INSURANCE COMPANY|||||PI|30155~MOA|||MA01|MA18~DTM|050|20150108~SVC|HC^99335|109|71.38||1~DTM|472|20141013~CAS|CO|45|17.95||253|1.46~CAS|PR|2|18.21~REF|LU|33~REF|6R|1340465471Z1~AMT|B6|91.05~CLP|78-201|19|104|68.25|17.41|MB|2815008255950|32|1~NM1|QC|1|NELSON|HELEN|R|||HN|452520020M~NM1|82|1||||||XX|1962447805~NM1|TT|2|TX HEALTH & HUMAN SERVICES COMMI|||||PI|70051~MOA|||MA01|MA07~DTM|050|20150108~SVC|HC^99309^GW|104|68.25||1~DTM|472|20140728~CAS|CO|45|16.95||253|1.39~CAS|PR|2|17.41~REF|LU|32~REF|6R|1340429184Z1~AMT|B6|87.05~CLP|78-129|19|51|33.58|8.57|MB|2815008255960|32|1~NM1|QC|1|NELSON|HELEN|R|||HN|452520020M~NM1|82|1||||||XX|1962447805~NM1|TT|2|TX HEALTH & HUMAN SERVICES COMMI|||||PI|70051~MOA|||MA01|MA07~DTM|050|20150108~SVC|HC^99307^GW|51|33.58||1~DTM|472|20140630~CAS|CO|45|8.16||253|.69~CAS|PR|2|8.57~REF|LU|32~REF|6R|1340429191Z1~AMT|B6|42.84~CLP|78-938|19|51|33.58|8.57|MB|2815008255970|32|1~NM1|QC|1|NELSON|HELEN|R|||HN|452520020M~NM1|82|1||||||XX|1962447805~NM1|TT|2|TX HEALTH & HUMAN SERVICES COMMI|||||PI|70051~MOA|||MA01|MA07~DTM|050|20150108~SVC|HC^99307^GW|51|33.58||1~DTM|472|20140519~CAS|CO|45|8.16||253|.69~CAS|PR|2|8.57~REF|LU|32~REF|6R|1340429194Z1~AMT|B6|42.84~CLP|225-757|19|104|68.25|17.41|MB|2815008659300|32|1~NM1|QC|1|RODRIGUEZ|GONZALO||||HN|463284009A~NM1|82|1||||||XX|1962447805~NM1|TT|2|TX HEALTH & HUMAN SERVICES COMMI|||||PI|70051~MOA|||MA01|MA07~DTM|050|20150108~SVC|HC^99309|104|68.25||1~DTM|472|20140826~CAS|CO|45|16.95||253|1.39~CAS|PR|2|17.41~REF|LU|32~REF|6R|1340658728Z1~AMT|B6|87.05~CLP|23-490|19|109|63.87|16.29|MB|2815008256130|33|1~NM1|QC|1|RUBIO|ROBERT||||HN|456449295A~NM1|82|1||||||XX|1952303547~NM1|TT|2|TX HEALTH & HUMAN SERVICES COMMI|||||PI|70051~MOA|||MA01|MA07~DTM|050|20150108~SVC|HC^99335|109|63.87||1~DTM|472|20140806~CAS|CO|45|27.54||253|1.3~CAS|PR|2|16.29~REF|LU|33~REF|6R|1340465244Z1~AMT|B6|81.46~CLP|280-1510|1|83|54.18|13.82|MB|2815002589340|21|1~NM1|QC|1|SANDERS|PEGGY||||HN|412622112A~NM1|82|1||||||XX|1962447805~MOA|||MA01~DTM|050|20150102~SVC|HC^99232|83|54.18||1~DTM|472|20141125~CAS|CO|45|13.89||253|1.11~CAS|PR|2|13.82~REF|LU|21~REF|6R|1335896207Z1~AMT|B6|69.11~CLP|107-1043|19|109|71.38|18.21|MB|2815008256140|33|1~NM1|QC|1|SHERIDAN|EDNA|V|||HN|486241601A~NM1|82|1||||||XX|1962447805~NM1|TT|2|HCSC-BCBS OF IL,OTHER B ONLY|||||PI|00041~MOA|||MA01|MA18~DTM|050|20150108~SVC|HC^99335|109|71.38||1~DTM|472|20140924~CAS|CO|45|17.95||253|1.46~CAS|PR|2|18.21~REF|LU|33~REF|6R|1340465371Z1~AMT|B6|91.05~CLP|48-200|19|104|68.25|17.41|MB|2815008255980|32|1~NM1|QC|1|THOMAS|RUTH||||HN|454364381M~NM1|82|1||||||XX|1962447805~NM1|TT|2|TX HEALTH & HUMAN SERVICES COMMI|||||PI|70051~MOA|||MA01|MA07~DTM|050|20150108~SVC|HC^99309^GW|104|68.25||1~DTM|472|20140728~CAS|CO|45|16.95||253|1.39~CAS|PR|2|17.41~REF|LU|32~REF|6R|1340429573Z1~AMT|B6|87.05~CLP|6-132|19|79|51.8|13.21|MB|2815008255990|32|1~NM1|QC|1|THORNTON|ARWILDER||||HN|457072991C1~NM1|82|1||||||XX|1962447805~NM1|TT|2|TX HEALTH & HUMAN SERVICES COMMI|||||PI|70051~MOA|||MA01|MA07~DTM|050|20150108~SVC|HC^99308^GW|79|51.8||1~DTM|472|20140714~CAS|CO|45|12.93||253|1.06~CAS|PR|2|13.21~REF|LU|32~REF|6R|1340435141Z1~AMT|B6|66.07~CLP|6-1072|19|104|68.25|17.41|MB|2815008256000|32|1~NM1|QC|1|THORNTON|ARWILDER||||HN|457072991C1~NM1|82|1||||||XX|1962447805~NM1|TT|2|TX HEALTH & HUMAN SERVICES COMMI|||||PI|70051~MOA|||MA01|MA07~DTM|050|20150108~SVC|HC^99309^GW|104|68.25||1~DTM|472|20140916~CAS|CO|45|16.95||253|1.39~CAS|PR|2|17.41~REF|LU|32~REF|6R|1340435181Z1~AMT|B6|87.05~CLP|6-1036|19|104|68.25|17.41|MB|2815008256010|32|1~NM1|QC|1|THORNTON|ARWILDER||||HN|457072991C1~NM1|82|1||||||XX|1962447805~NM1|TT|2|TX HEALTH & HUMAN SERVICES COMMI|||||PI|70051~MOA|||MA01|MA07~DTM|050|20150108~SVC|HC^99309^GW|104|68.25||1~DTM|472|20140814~CAS|CO|45|16.95||253|1.39~CAS|PR|2|17.41~REF|LU|32~REF|6R|1340435196Z1~AMT|B6|87.05~CLP|30-386|19|104|61.06|15.58|MB|2815008256020|31|1~NM1|QC|1|TIPTON|OPAL||||HN|451305676A~NM1|82|1||||||XX|1952303547~NM1|TT|2|AETNA, INC.|||||PI|00060~MOA|||MA01|MA18~DTM|050|20150108~SVC|HC^99309^GW|104|61.06||1~DTM|472|20140723~CAS|CO|45|26.11||253|1.25~CAS|PR|2|15.58~REF|LU|31~REF|6R|1340439579Z1~AMT|B6|77.89~CLP|24-221|19|51|33.58|8.57|MB|2815008256030|31|1~NM1|QC|1|TRIPP|RONALD||||HN|467643354A~NM1|82|1||||||XX|1962447805~NM1|TT|2|TX HEALTH & HUMAN SERVICES COMMI|||||PI|70051~MOA|||MA01|MA07~DTM|050|20150108~SVC|HC^99307^GW|51|33.58||1~DTM|472|20140825~CAS|CO|45|8.16||253|.69~CAS|PR|2|8.57~REF|LU|31~REF|6R|1340439648Z1~AMT|B6|42.84~CLP|277-1188|1|83|54.18|13.82|MB|2815008256180|21|1~NM1|QC|1|TURNEY|IDALIAH|J|||HN|434307148A~NM1|82|1||||||XX|1962447805~MOA|||MA01~DTM|050|20150108~SVC|HC^99232|83|54.18||1~DTM|472|20141014~CAS|CO|45|13.89||253|1.11~CAS|PR|2|13.82~REF|LU|21~REF|6R|1340484044Z1~AMT|B6|69.11~CLP|277-1187|1|120|78.09|19.92|MB|2815008256190|21|1~NM1|QC|1|TURNEY|IDALIAH|J|||HN|434307148A~NM1|82|1||||||XX|1962447805~MOA|||MA01~DTM|050|20150108~SVC|HC^99233|120|78.09||1~DTM|472|20141013~CAS|CO|45|20.4||253|1.59~CAS|PR|2|19.92~REF|LU|21~REF|6R|1340486248Z1~AMT|B6|99.6~CLP|277-1185|1|120|78.09|19.92|MB|2815008256210|21|1~NM1|QC|1|TURNEY|IDALIAH|J|||HN|434307148A~NM1|82|1||||||XX|1962447805~MOA|||MA01~DTM|050|20150108~SVC|HC^99233|120|78.09||1~DTM|472|20141011~CAS|CO|45|20.4||253|1.59~CAS|PR|2|19.92~REF|LU|21~REF|6R|1340490585Z1~AMT|B6|99.6~CLP|277-1190|1|83|54.18|13.82|MB|2815008256220|21|1~NM1|QC|1|TURNEY|IDALIAH|J|||HN|434307148A~NM1|82|1||||||XX|1962447805~MOA|||MA01~DTM|050|20150108~SVC|HC^99232|83|54.18||1~DTM|472|20141016~CAS|CO|45|13.89||253|1.11~CAS|PR|2|13.82~REF|LU|21~REF|6R|1340494329Z1~AMT|B6|69.11~CLP|277-1191|1|189|123.35|31.46|MB|2815008256230|21|1~NM1|QC|1|TURNEY|IDALIAH|J|||HN|434307148A~NM1|82|1||||||XX|1962447805~MOA|||MA01~DTM|050|20150108~SVC|HC^99232^25|83|54.18||1~DTM|472|20141017~CAS|CO|45|13.89||253|1.11~CAS|PR|2|13.82~REF|LU|21~REF|6R|1340497319Z1~AMT|B6|69.11~SVC|HC^99356|106|69.17||1~DTM|472|20141017~CAS|CO|45|17.78||253|1.41~CAS|PR|2|17.64~REF|LU|21~REF|6R|1340497319Z2~AMT|B6|88.22~CLP|277-1192|1|123|80.52|20.54|MB|2815008256240|21|1~NM1|QC|1|TURNEY|IDALIAH|J|||HN|434307148A~NM1|82|1||||||XX|1962447805~MOA|||MA01~DTM|050|20150108~SVC|HC^99239|123|80.52||1~DTM|472|20141018~CAS|CO|45|20.3||253|1.64~CAS|PR|2|20.54~REF|LU|21~REF|6R|1340503339Z1~AMT|B6|102.7~CLP|232-773|19|120|78.09|19.92|MB|2815008659310|21|1~NM1|QC|1|WILSON|GLENN|E|||HN|444405149A~NM1|82|1||||||XX|1962447805~NM1|TT|2|MUTUAL OF OMAHA INSURANCE COMP|||||PI|30090~MOA|||MA01|MA18~DTM|050|20150108~SVC|HC^99233|120|78.09||1~DTM|472|20140901~CAS|CO|45|20.4||253|1.59~CAS|PR|2|19.92~REF|LU|21~REF|6R|1340659244Z1~AMT|B6|99.6~CLP|170-430|19|109|63.87|16.29|MB|2815008256040|33|1~NM1|QC|1|WOOD|MARY||||HN|311381182A~NM1|82|1||||||XX|1952303547~NM1|TT|2|TX HEALTH & HUMAN SERVICES COMMI|||||PI|70051~MOA|||MA01|MA07~DTM|050|20150108~SVC|HC^99335^GW|109|63.87||1~DTM|472|20140731~CAS|CO|45|27.54||253|1.3~CAS|PR|2|16.29~REF|LU|33~REF|6R|1340439654Z1~AMT|B6|81.46~SE|601|0002~GE|2|479~IEA|1|000000484~