ISA|00|          |00|          |ZZ|ZIRMED         |ZZ|AV09311993     |151118|1737|U|00401|000001565|0|P|^~GS|HP|ZIRMED|AV01101957|20151118|1737|1560|X|004010X091A1~ST|835|0001~BPR|I|142.22|C|CHK||||||||||||20151117~TRN|1|C15321341776330|1361236610|CP201511173417763300~REF|EV|TX8355010~DTM|405|20151117~N1|PR|BLUECROSS BLUESHIELD OF TEXAS~N3|P O BOX 660044~N4|DALLAS|TX|752660044~REF|2U|G84980~N1|PE|DFW GERIATRICS PLLC|XX|1063835361~N3|2925 SKYWAY CIR N~N4|IRVING|TX|750383510~REF|TJ|464596718~LX|1~CLP|3673-4187|1|85|51.22||12|0201531350520S60X00|11|1~NM1|QC|1|BRIDGES|FERLEY||||MI|GKN893804214~NM1|82|1|KETHA|SUMANA||||XX|1962447805~REF|1L|000ZGPPOX0000~REF|CE|PREFERRED PROVIDER ORGANIZATION~DTM|232|20151105~DTM|233|20151105~DTM|050|20151109~AMT|AU|51.22~SVC|HC^90654^25|23|0||1~DTM|472|20151105~CAS|CO|4|23~REF|6R|1600915268Z1~LQ|HE|N519~SVC|HC^90471|33|22.22||1~DTM|472|20151105~CAS|CO|45|10.78~REF|6R|1600915268Z2~AMT|B6|22.22~SVC|HC^96372|29|29||1~DTM|472|20151105~REF|6R|1600915268Z3~AMT|B6|29~LX|2~CLP|2256-4162|1|130|91|22.75|12|0201531350520S10X00|11|1~NM1|QC|1|PITMAN|RICHARD||||MI|IWAAN5170277~NM1|82|1|KETHA|SUMANA||||XX|1962447805~REF|1L|000ZGPPOX0000~REF|CE|PREFERRED PROVIDER ORGANIZATION~DTM|232|20151104~DTM|233|20151104~DTM|050|20151109~AMT|AU|113.75~SVC|HC^99214|130|91||1~DTM|472|20151104~CAS|CO|45|16.25~CAS|PR|2|22.75~REF|6R|1600915258Z1~AMT|B6|113.75~SE|54|0001~GE|1|1560~IEA|1|000001565~