ISA|00|          |00|          |ZZ|ZIRMED         |29|E12705         |151014|0731|U|00401|000000789|0|P|^~GS|HP|ZIRMED|E12705|20151014|0731|789|X|004010X091A1~ST|835|0001~BPR|H|0|C|NON||||||||||||20151014~TRN|1|459862897|1205296137~REF|EV|E12705~DTM|405|20151013~N1|PR|NOVITAS SOLUTIONS, INC.~N3|PO BOX 3110~N4|MECHANICSBURG|PA|170551826~REF|2U|04412~PER|CX||TE|8552528782~N1|PE|SUMANA KETHA, MD PA|XX|1356565865~N3|2925 SKYWAY CIRCLE NORTH~N4|IRVING|TX|750383510~REF|TJ|201401614~LX|1~CLP|3822-3146|19|109|0||MB|2815281287880|31|1~NM1|QC|1|HERVEY|EUGENE||||HN|449680119A~NM1|82|1||||||XX|1952303547~NM1|TT|2|GOV T EMPLOYEE S HEALTH ASSN|||||PI|80054~MOA|||MA01|MA18~DTM|050|20151008~SVC|HC^99335^GW|109|0||||1~DTM|472|20150930~CAS|CO|58|109~REF|6R|1573226106Z1~REF|LU|31~CLP|3810-3038|1|193|0||MB|2815273440480|32|1~NM1|QC|1|KISER|BEN||||HN|456687960M~NM1|82|1||||||XX|1962447805~MOA|||MA01~DTM|050|20150930~SVC|HC^99306|193|0||||1~DTM|472|20150910~CAS|CO|B9|193~REF|6R|1566266165Z1~REF|LU|32~LQ|HE|N90~SE|38|0001~ST|835|0002~BPR|I|9166.91|C|ACH|CCP|01|081517693|DA|152302017594|1205296137||01|111000025|DA|004785310244|20151014~TRN|1|891260159|1205296137~REF|EV|E12705~DTM|405|20151013~N1|PR|NOVITAS SOLUTIONS, INC.~N3|PO BOX 3110~N4|MECHANICSBURG|PA|170551826~REF|2U|04412~PER|CX||TE|8552528782~N1|PE|SUMANA KETHA, MD PA|XX|1356565865~N3|2925 SKYWAY CIRCLE NORTH~N4|IRVING|TX|750383510~REF|TJ|201401614~LX|1~CLP|6090-3025|1|79|53.93|13.76|MB|2815273440420|32|1~NM1|QC|1|ADAMS|JOHN||||HN|450667760A~NM1|82|1||||||XX|1962447805~MOA|||MA01~DTM|050|20150930~SVC|HC^99308|79|53.93||1~DTM|472|20150914~CAS|CO|45|9.16||237|1.05||253|1.1~CAS|PR|2|13.76~REF|6R|1566266149Z1~REF|LU|32~AMT|B6|68.79~LQ|HE|N699~CLP|6090-2970|1|79|53.93|13.76|MB|2815273440760|32|1~NM1|QC|1|ADAMS|JOHN||||HN|450667760A~NM1|82|1||||||XX|1962447805~MOA|||MA01~DTM|050|20150930~SVC|HC^99308|79|53.93||1~DTM|472|20150820~CAS|CO|45|9.16||237|1.05||253|1.1~CAS|PR|2|13.76~REF|6R|1566313263Z1~REF|LU|32~AMT|B6|68.79~LQ|HE|N699~CLP|6090-2903|1|104|71.47|18.23|MB|2815273440810|32|1~NM1|QC|1|ADAMS|JOHN||||HN|450667760A~NM1|82|1||||||XX|1962447805~MOA|||MA01~DTM|050|20150930~SVC|HC^99309|104|71.47||1~DTM|472|20150924~CAS|CO|45|11.45||237|1.39||253|1.46~CAS|PR|2|18.23~REF|6R|1566316996Z1~REF|LU|32~AMT|B6|91.16~LQ|HE|N699~CLP|2371-2899|19|222|150.99|38.52|MB|2815273440780|33|1~NM1|QC|1|ALLISON|RALPH||||HN|457701387A~NM1|82|1||||||XX|1962447805~NM1|TT|2|TX HEALTH & HUMAN SERVICES COMMI|||||PI|70051~MOA|||MA01|MA07~DTM|050|20150930~SVC|HC^99337|222|150.99||1~DTM|472|20150924~CAS|CO|45|26.48||237|2.93||253|3.08~CAS|PR|2|38.52~REF|6R|1566316991Z1~REF|LU|33~AMT|B6|192.59~LQ|HE|N699~CLP|6059-2937|19|222|150.99|38.52|MB|2815273440650|33|1~NM1|QC|1|ARIZOLA|MARY||||HN|456301100C3~NM1|82|1||||||XX|1962447805~NM1|TT|2|TX HEALTH & HUMAN SERVICES COMMI|||||PI|70051~MOA|||MA01|MA07~DTM|050|20150930~SVC|HC^99337|222|150.99||1~DTM|472|20150820~CAS|CO|45|26.48||237|2.93||253|3.08~CAS|PR|2|38.52~REF|6R|1566313240Z1~REF|LU|33~AMT|B6|192.59~LQ|HE|N699~CLP|5401-2944|19|104|71.47|18.23|MB|2815273440710|32|1~NM1|QC|1|BACCUS|MARILYN||||HN|466179221T~NM1|82|1||||||XX|1962447805~NM1|TT|2|TX HEALTH & HUMAN SERVICES COMMI|||||PI|70051~MOA|||MA01|MA07~DTM|050|20150930~SVC|HC^99309|104|71.47||1~DTM|472|20150820~CAS|CO|45|11.45||237|1.39||253|1.46~CAS|PR|2|18.23~REF|6R|1566313253Z1~REF|LU|32~AMT|B6|91.16~LQ|HE|N699~CLP|5437-3003|19|222|150.99|38.52|MB|2815273441010|33|1~NM1|QC|1|BELL|MARY||||HN|456689033A~NM1|82|1||||||XX|1962447805~NM1|TT|2|TX HEALTH & HUMAN SERVICES COMMI|||||PI|70051~MOA|||MA01|MA07~DTM|050|20150930~SVC|HC^99337|222|150.99||1~DTM|472|20150918~CAS|CO|45|26.48||237|2.93||253|3.08~CAS|PR|2|38.52~REF|6R|1566347100Z1~REF|LU|33~AMT|B6|192.59~LQ|HE|N699~CLP|6038-2933|19|222|150.99|38.52|MB|2815273440610|33|1~NM1|QC|1|BOOKER|ROY||||HN|458824469M~NM1|82|1||||||XX|1962447805~NM1|TT|2|TX HEALTH & HUMAN SERVICES COMMI|||||PI|70051~MOA|||MA01|MA07~DTM|050|20150930~SVC|HC^99337|222|150.99||1~DTM|472|20150820~CAS|CO|45|26.48||237|2.93||253|3.08~CAS|PR|2|38.52~REF|6R|1566313233Z1~REF|LU|33~AMT|B6|192.59~LQ|HE|N699~CLP|6081-2915|19|104|71.47|18.23|MB|2815273440490|31|1~NM1|QC|1|BURNEY JR|CLAY|P|||HN|444200368A~NM1|82|1||||||XX|1962447805~NM1|TT|2|UNITEDHEALTH GROUP|||||PI|30002~MOA|||MA01|MA18~DTM|050|20150930~SVC|HC^99309|104|71.47||1~DTM|472|20150723~CAS|CO|45|11.45||237|1.39||253|1.46~CAS|PR|2|18.23~REF|6R|1566303814Z1~REF|LU|31~AMT|B6|91.16~LQ|HE|N699~CLP|6081-2906|19|79|53.93|13.76|MB|2815273440830|31|1~NM1|QC|1|BURNEY JR|CLAY|P|||HN|444200368A~NM1|82|1||||||XX|1962447805~NM1|TT|2|UNITEDHEALTH GROUP|||||PI|30002~MOA|||MA01|MA18~DTM|050|20150930~SVC|HC^99308|79|53.93||1~DTM|472|20150924~CAS|CO|45|9.16||237|1.05||253|1.1~CAS|PR|2|13.76~REF|6R|1566316999Z1~REF|LU|31~AMT|B6|68.79~LQ|HE|N699~CLP|857-2938|19|222|150.99|38.52|MB|2815273440640|33|1~NM1|QC|1|BURTON|DOLORES||||HN|456446751A~NM1|82|1||||||XX|1962447805~NM1|TT|2|TX HEALTH & HUMAN SERVICES COMMI|||||PI|70051~MOA|||MA01|MA07~DTM|050|20150930~SVC|HC^99337|222|150.99||1~DTM|472|20150820~CAS|CO|45|26.48||237|2.93||253|3.08~CAS|PR|2|38.52~REF|6R|1566313239Z1~REF|LU|33~AMT|B6|192.59~LQ|HE|N699~CLP|769-2907|19|79|53.93|13.76|MB|2815273440840|31|1~NM1|QC|1|BUTNER|JOANN||||HN|457565807A~NM1|82|1||||||XX|1962447805~NM1|TT|2|HCSC-BCBS OF TX-FEP B ONLY|||||PI|80012~MOA|||MA01|MA18~DTM|050|20150930~SVC|HC^99308|79|53.93||1~DTM|472|20150924~CAS|CO|45|9.16||237|1.05||253|1.1~CAS|PR|2|13.76~REF|6R|1566317000Z1~REF|LU|31~AMT|B6|68.79~LQ|HE|N699~CLP|5937-3007|19|222|150.99|38.52|MB|2815273440390|33|1~NM1|QC|1|CLOSE|J W||||HN|459866682A~NM1|82|1||||||XX|1962447805~NM1|TT|2|TX HEALTH & HUMAN SERVICES COMMI|||||PI|70051~MOA|||MA01|MA07~DTM|050|20150930~SVC|HC^99337|222|150.99||1~DTM|472|20150918~CAS|CO|45|26.48||237|2.93||253|3.08~CAS|PR|2|38.52~REF|6R|1566266138Z1~REF|LU|33~AMT|B6|192.59~LQ|HE|N699~CLP|2479-3004|19|222|150.99|38.52|MB|2815273440370|33|1~NM1|QC|1|COLLINS|VELMA||||HN|449463498D~NM1|82|1||||||XX|1962447805~NM1|TT|2|TX HEALTH & HUMAN SERVICES COMMI|||||PI|70051~MOA|||MA01|MA07~DTM|050|20150930~SVC|HC^99337|222|150.99||1~DTM|472|20150918~CAS|CO|45|26.48||237|2.93||253|3.08~CAS|PR|2|38.52~REF|6R|1566266134Z1~REF|LU|33~AMT|B6|192.59~LQ|HE|N699~CLP|5583-2929|19|222|150.99|38.52|MB|2815273440580|33|1~NM1|QC|1|CRENSHAW|RAYMOND||||HN|449505453M~NM1|82|1||||||XX|1962447805~NM1|TT|2|TX HEALTH & HUMAN SERVICES COMMI|||||PI|70051~MOA|||MA01|MA07~DTM|050|20150930~SVC|HC^99337|222|150.99||1~DTM|472|20150820~CAS|CO|45|26.48||237|2.93||253|3.08~CAS|PR|2|38.52~REF|6R|1566313227Z1~REF|LU|33~AMT|B6|192.59~LQ|HE|N699~CLP|5355-3012|19|109|63.35|16.16|MB|2815273440960|33|1~NM1|QC|1|DAILY|TOM||||HN|467645645A~NM1|82|1||||||XX|1952303547~NM1|TT|2|TX HEALTH & HUMAN SERVICES COMMI|||||PI|70051~MOA|||MA01|MA07~DTM|050|20150930~SVC|HC^99335|109|63.35||1~DTM|472|20150919~CAS|CO|45|26.97||237|1.23||253|1.29~CAS|PR|2|16.16~REF|6R|1566317014Z1~REF|LU|33~AMT|B6|80.8~LQ|HE|N699~CLP|6210-2908|19|79|53.93|13.76|MB|2815273440850|31|1~NM1|QC|1|DAVIS|NORMA|R|||HN|466266723D~NM1|82|1||||||XX|1962447805~NM1|TT|2|NORTH AMERICAN INSURANCE COMPANY|||||PI|30155~MOA|||MA01|MA18~DTM|050|20150930~SVC|HC^99308|79|53.93||1~DTM|472|20150924~CAS|CO|45|9.16||237|1.05||253|1.1~CAS|PR|2|13.76~REF|6R|1566317001Z1~REF|LU|31~AMT|B6|68.79~LQ|HE|N699~CLP|5238-3014|19|109|63.35|16.16|MB|2815273440970|33|1~NM1|QC|1|EGBUNIWE|GEORGE||||HN|456154959A~NM1|82|1||||||XX|1952303547~NM1|TT|2|TX HEALTH & HUMAN SERVICES COMMI|||||PI|70051~MOA|||MA01|MA07~DTM|050|20150930~SVC|HC^99335|109|63.35||1~DTM|472|20150919~CAS|CO|45|26.97||237|1.23||253|1.29~CAS|PR|2|16.16~REF|6R|1566317017Z1~REF|LU|33~AMT|B6|80.8~LQ|HE|N699~CLP|3525-2993|19|222|150.99|38.52|MB|2815273440340|33|1~NM1|QC|1|ELLISON|SHEILA||||HN|452922567A~NM1|82|1||||||XX|1962447805~NM1|TT|2|TX HEALTH & HUMAN SERVICES COMMI|||||PI|70051~MOA|||MA01|MA07~DTM|050|20150930~SVC|HC^99337|222|150.99||1~DTM|472|20150918~CAS|CO|45|26.48||237|2.93||253|3.08~CAS|PR|2|38.52~REF|6R|1566266117Z1~REF|LU|33~AMT|B6|192.59~LQ|HE|N699~CLP|2018-2931|19|222|150.99|38.52|MB|2815273440590|33|1~NM1|QC|1|FIELDS|JOYCE||||HN|450487270A~NM1|82|1||||||XX|1962447805~NM1|TT|2|TX HEALTH & HUMAN SERVICES COMMI|||||PI|70051~MOA|||MA01|MA07~DTM|050|20150930~SVC|HC^99337|222|150.99||1~DTM|472|20150820~CAS|CO|45|26.48||237|2.93||253|3.08~CAS|PR|2|38.52~REF|6R|1566313229Z1~REF|LU|33~AMT|B6|192.59~LQ|HE|N699~CLP|5132-2939|19|222|150.99|38.52|MB|2815273440660|33|1~NM1|QC|1|GAINES|GWENDOLYN||||HN|462219921TA~NM1|82|1||||||XX|1962447805~NM1|TT|2|TX HEALTH & HUMAN SERVICES COMMI|||||PI|70051~MOA|||MA01|MA07~DTM|050|20150930~SVC|HC^99337^GW|222|150.99||1~DTM|472|20150820~CAS|CO|45|26.48||237|2.93||253|3.08~CAS|PR|2|38.52~REF|6R|1566313243Z1~REF|LU|33~AMT|B6|192.59~LQ|HE|N699~CLP|3363-3031|1|240|162.11|41.36|MB|2815273440440|33|1~NM1|QC|1|GALIMORE|FELIX||||HN|439522668A~NM1|82|1||||||XX|1962447805~MOA|||MA01~DTM|050|20150930~SVC|HC^99337|222|150.99||1~DTM|472|20150910~CAS|CO|45|26.48||237|2.93||253|3.08~CAS|PR|2|38.52~REF|6R|1566266156Z1~REF|LU|33~AMT|B6|192.59~LQ|HE|N699~SVC|HC^99406|18|11.12||1~DTM|472|20150910~CAS|CO|45|3.59||237|.22||253|.23~CAS|PR|2|2.84~REF|6R|1566266156Z2~REF|LU|33~AMT|B6|14.19~LQ|HE|N699~CLP|6039-3037|19|222|150.99|38.52|MB|2815273440470|33|1~NM1|QC|1|GERMANY|TOMMIE||||HN|456642617M~NM1|82|1||||||XX|1962447805~NM1|TT|2|TX HEALTH & HUMAN SERVICES COMMI|||||PI|70051~MOA|||MA01|MA07~DTM|050|20150930~SVC|HC^99337|222|150.99||1~DTM|472|20150910~CAS|CO|45|26.48||237|2.93||253|3.08~CAS|PR|2|38.52~REF|6R|1566266163Z1~REF|LU|33~AMT|B6|192.59~LQ|HE|N699~CLP|2991-3000|19|222|150.99|38.52|MB|2815273440360|33|1~NM1|QC|1|GIPSON|CARRIE||||HN|457404502B~NM1|82|1||||||XX|1962447805~NM1|TT|2|TX HEALTH & HUMAN SERVICES COMMI|||||PI|70051~MOA|||MA01|MA07~DTM|050|20150930~SVC|HC^99337|222|150.99||1~DTM|472|20150918~CAS|CO|45|26.48||237|2.93||253|3.08~CAS|PR|2|38.52~REF|6R|1566266130Z1~REF|LU|33~AMT|B6|192.59~LQ|HE|N699~CLP|6222-2973|1|120|81.9|20.89|MB|2815273440140|21|1~NM1|QC|1|GRAY|RUBY||||HN|456327239A~NM1|82|1||||||XX|1962447805~MOA|||MA01~DTM|050|20150930~SVC|HC^99233|120|81.9||1~DTM|472|20150914~CAS|CO|45|13.95||237|1.59||253|1.67~CAS|PR|2|20.89~REF|6R|1566044110Z1~REF|LU|21~AMT|B6|104.46~LQ|HE|N699~CLP|6222-2975|1|83|56.88|14.51|MB|2815273440150|21|1~NM1|QC|1|GRAY|RUBY||||HN|456327239A~NM1|82|1||||||XX|1962447805~MOA|||MA01~DTM|050|20150930~SVC|HC^99232|83|56.88||1~DTM|472|20150916~CAS|CO|45|9.35||237|1.1||253|1.16~CAS|PR|2|14.51~REF|6R|1566044111Z1~REF|LU|21~AMT|B6|72.55~LQ|HE|N699~CLP|6222-2974|1|120|81.9|20.89|MB|2815273440160|21|1~NM1|QC|1|GRAY|RUBY||||HN|456327239A~NM1|82|1||||||XX|1962447805~MOA|||MA01~DTM|050|20150930~SVC|HC^99233|120|81.9||1~DTM|472|20150915~CAS|CO|45|13.95||237|1.59||253|1.67~CAS|PR|2|20.89~REF|6R|1566044112Z1~REF|LU|21~AMT|B6|104.46~LQ|HE|N699~CLP|6222-2976|1|120|81.9|20.89|MB|2815273440170|21|1~NM1|QC|1|GRAY|RUBY||||HN|456327239A~NM1|82|1||||||XX|1962447805~MOA|||MA01~DTM|050|20150930~SVC|HC^99233|120|81.9||1~DTM|472|20150917~CAS|CO|45|13.95||237|1.59||253|1.67~CAS|PR|2|20.89~REF|6R|1566044113Z1~REF|LU|21~AMT|B6|104.46~LQ|HE|N699~CLP|6222-2977|1|120|81.9|20.89|MB|2815273440180|21|1~NM1|QC|1|GRAY|RUBY||||HN|456327239A~NM1|82|1||||||XX|1962447805~MOA|||MA01~DTM|050|20150930~SVC|HC^99233|120|81.9||1~DTM|472|20150918~CAS|CO|45|13.95||237|1.59||253|1.67~CAS|PR|2|20.89~REF|6R|1566044114Z1~REF|LU|21~AMT|B6|104.46~LQ|HE|N699~CLP|6222-2978|1|120|81.9|20.89|MB|2815273440190|21|1~NM1|QC|1|GRAY|RUBY||||HN|456327239A~NM1|82|1||||||XX|1962447805~MOA|||MA01~DTM|050|20150930~SVC|HC^99233|120|81.9||1~DTM|472|20150919~CAS|CO|45|13.95||237|1.59||253|1.67~CAS|PR|2|20.89~REF|6R|1566044115Z1~REF|LU|21~AMT|B6|104.46~LQ|HE|N699~CLP|6222-2979|1|120|81.9|20.89|MB|2815273440200|21|1~NM1|QC|1|GRAY|RUBY||||HN|456327239A~NM1|82|1||||||XX|1962447805~MOA|||MA01~DTM|050|20150930~SVC|HC^99233|120|81.9||1~DTM|472|20150920~CAS|CO|45|13.95||237|1.59||253|1.67~CAS|PR|2|20.89~REF|6R|1566044116Z1~REF|LU|21~AMT|B6|104.46~LQ|HE|N699~CLP|6222-3047|1|120|81.9|20.89|MB|2915273340790|21|1~NM1|QC|1|GRAY|RUBY||||HN|456327239A~NM1|82|1||||||XX|1962447805~MOA|||MA01~DTM|050|20150930~SVC|HC^99233|120|81.9||1~DTM|472|20150907~CAS|CO|45|13.95||237|1.59||253|1.67~CAS|PR|2|20.89~REF|6R|1566408061Z1~REF|LU|21~AMT|B6|104.46~LQ|HE|N699~CLP|6222-3048|1|120|81.9|20.89|MB|2915273340800|21|1~NM1|QC|1|GRAY|RUBY||||HN|456327239A~NM1|82|1||||||XX|1962447805~MOA|||MA01~DTM|050|20150930~SVC|HC^99233|120|81.9||1~DTM|472|20150908~CAS|CO|45|13.95||237|1.59||253|1.67~CAS|PR|2|20.89~REF|6R|1566408062Z1~REF|LU|21~AMT|B6|104.46~LQ|HE|N699~CLP|6222-3049|1|120|81.9|20.89|MB|2915273340810|21|1~NM1|QC|1|GRAY|RUBY||||HN|456327239A~NM1|82|1||||||XX|1962447805~MOA|||MA01~DTM|050|20150930~SVC|HC^99233|120|81.9||1~DTM|472|20150909~CAS|CO|45|13.95||237|1.59||253|1.67~CAS|PR|2|20.89~REF|6R|1566408063Z1~REF|LU|21~AMT|B6|104.46~LQ|HE|N699~CLP|6222-3050|1|120|81.9|20.89|MB|2915273340820|21|1~NM1|QC|1|GRAY|RUBY||||HN|456327239A~NM1|82|1||||||XX|1962447805~MOA|||MA01~DTM|050|20150930~SVC|HC^99233|120|81.9||1~DTM|472|20150910~CAS|CO|45|13.95||237|1.59||253|1.67~CAS|PR|2|20.89~REF|6R|1566408064Z1~REF|LU|21~AMT|B6|104.46~LQ|HE|N699~CLP|6222-3052|1|120|81.9|20.89|MB|2915273340830|21|1~NM1|QC|1|GRAY|RUBY||||HN|456327239A~NM1|82|1||||||XX|1962447805~MOA|||MA01~DTM|050|20150930~SVC|HC^99233|120|81.9||1~DTM|472|20150912~CAS|CO|45|13.95||237|1.59||253|1.67~CAS|PR|2|20.89~REF|6R|1566408066Z1~REF|LU|21~AMT|B6|104.46~LQ|HE|N699~CLP|6222-3053|1|120|81.9|20.89|MB|2915273340840|21|1~NM1|QC|1|GRAY|RUBY||||HN|456327239A~NM1|82|1||||||XX|1962447805~MOA|||MA01~DTM|050|20150930~SVC|HC^99233|120|81.9||1~DTM|472|20150913~CAS|CO|45|13.95||237|1.59||253|1.67~CAS|PR|2|20.89~REF|6R|1566408067Z1~REF|LU|21~AMT|B6|104.46~LQ|HE|N699~CLP|6048-3020|19|222|150.99|38.52|MB|2815273440400|33|1~NM1|QC|1|HILL|JEANNE|L|||HN|467075545C1~NM1|82|1||||||XX|1962447805~NM1|TT|2|TX HEALTH & HUMAN SERVICES COMMI|||||PI|70051~MOA|||MA01|MA07~DTM|050|20150930~SVC|HC^99337|222|150.99||1~DTM|472|20150918~CAS|CO|45|26.48||237|2.93||253|3.08~CAS|PR|2|38.52~REF|6R|1566266140Z1~REF|LU|33~AMT|B6|192.59~LQ|HE|N699~CLP|5247-2999|19|109|63.35|16.16|MB|2815273440920|33|1~NM1|QC|1|HOOVER|MINNIE||||HN|465549405M~NM1|82|1||||||XX|1952303547~NM1|TT|2|TX HEALTH & HUMAN SERVICES COMMI|||||PI|70051~MOA|||MA01|MA07~DTM|050|20150930~SVC|HC^99335|109|63.35||1~DTM|472|20150919~CAS|CO|45|26.97||237|1.23||253|1.29~CAS|PR|2|16.16~REF|6R|1566317008Z1~REF|LU|33~AMT|B6|80.8~LQ|HE|N699~CLP|773-2904|19|222|150.99|38.52|MB|2815273440820|33|1~NM1|QC|1|HOUSE|MELVIN||||HN|271329525A~NM1|82|1||||||XX|1962447805~NM1|TT|2|TX HEALTH & HUMAN SERVICES COMMI|||||PI|70051~MOA|||MA01|MA07~DTM|050|20150930~SVC|HC^99337|222|150.99||1~DTM|472|20150924~CAS|CO|45|26.48||237|2.93||253|3.08~CAS|PR|2|38.52~REF|6R|1566316997Z1~REF|LU|33~AMT|B6|192.59~LQ|HE|N699~CLP|3620-2909|19|79|53.93|13.76|MB|2815273440860|31|1~NM1|QC|1|JACOBO|BENNIE||||HN|525502381A~NM1|82|1||||||XX|1962447805~NM1|TT|2|CHAMPVA-VA HEALTH ADMIN CTR|||||PI|80214~MOA|||MA01|MA18~DTM|050|20150930~SVC|HC^99308|79|53.93||1~DTM|472|20150924~CAS|CO|45|9.16||237|1.05||253|1.1~CAS|PR|2|13.76~REF|6R|1566317002Z1~REF|LU|31~AMT|B6|68.79~LQ|HE|N699~CLP|5115-3034|19|222|150.99|38.52|MB|2815273440450|33|1~NM1|QC|1|JOHNSON|GEORGE||||HN|451619160A~NM1|82|1||||||XX|1962447805~NM1|TT|2|TX HEALTH & HUMAN SERVICES COMMI|||||PI|70051~MOA|||MA01|MA07~DTM|050|20150930~SVC|HC^99337|222|150.99||1~DTM|472|20150910~CAS|CO|45|26.48||237|2.93||253|3.08~CAS|PR|2|38.52~REF|6R|1566266158Z1~REF|LU|33~AMT|B6|192.59~LQ|HE|N699~CLP|796-2934|19|222|150.99|38.52|MB|2815273440620|33|1~NM1|QC|1|JOHNSON|GEORGIA||||HN|360420759M~NM1|82|1||||||XX|1962447805~NM1|TT|2|TX HEALTH & HUMAN SERVICES COMMI|||||PI|70051~MOA|||MA01|MA07~DTM|050|20150930~SVC|HC^99337|222|150.99||1~DTM|472|20150820~CAS|CO|45|26.48||237|2.93||253|3.08~CAS|PR|2|38.52~REF|6R|1566313235Z1~REF|LU|33~AMT|B6|192.59~LQ|HE|N699~CLP|6077-2917|1|79|53.93|13.76|MB|2815273440500|31|1~NM1|QC|1|JONES|MARIA||||HN|458124594D~NM1|82|1||||||XX|1962447805~MOA|||MA01~DTM|050|20150930~SVC|HC^99308|79|53.93||1~DTM|472|20150723~CAS|CO|45|9.16||237|1.05||253|1.1~CAS|PR|2|13.76~REF|6R|1566303817Z1~REF|LU|31~AMT|B6|68.79~LQ|HE|N699~CLP|6082-2918|19|104|71.47|18.23|MB|2815273440510|31|1~NM1|QC|1|KEILSON|SUZANNE||||HN|462301721B~NM1|82|1||||||XX|1962447805~NM1|TT|2|AMA INSURANCE AGENCY, INC.|||||PI|30150~MOA|||MA01|MA18~DTM|050|20150930~SVC|HC^99309|104|71.47||1~DTM|472|20150723~CAS|CO|45|11.45||237|1.39||253|1.46~CAS|PR|2|18.23~REF|6R|1566303819Z1~REF|LU|31~AMT|B6|91.16~LQ|HE|N699~CLP|6063-2919|19|104|71.47|18.23|MB|2815273440520|31|1~NM1|QC|1|KRECEK|JIMMIE|L|||HN|450300036A~NM1|82|1||||||XX|1962447805~NM1|TT|2|SIERRA HEALTH & LIFE INSURANCE C|||||PI|30096~MOA|||MA01|MA18~DTM|050|20150930~SVC|HC^99309|104|71.47||1~DTM|472|20150723~CAS|CO|45|11.45||237|1.39||253|1.46~CAS|PR|2|18.23~REF|6R|1566303821Z1~REF|LU|31~AMT|B6|91.16~LQ|HE|N699~CLP|5056-2980|1|120|81.9|20.89|MB|2815273440210|21|1~NM1|QC|1|LANGLEY|JIMMY||||HN|456584415A~NM1|82|1||||||XX|1962447805~MOA|||MA01~DTM|050|20150930~SVC|HC^99233|120|81.9||1~DTM|472|20150914~CAS|CO|45|13.95||237|1.59||253|1.67~CAS|PR|2|20.89~REF|6R|1566044117Z1~REF|LU|21~AMT|B6|104.46~LQ|HE|N699~CLP|5056-2981|1|120|81.9|20.89|MB|2815273440220|21|1~NM1|QC|1|LANGLEY|JIMMY||||HN|456584415A~NM1|82|1||||||XX|1962447805~MOA|||MA01~DTM|050|20150930~SVC|HC^99233|120|81.9||1~DTM|472|20150915~CAS|CO|45|13.95||237|1.59||253|1.67~CAS|PR|2|20.89~REF|6R|1566044118Z1~REF|LU|21~AMT|B6|104.46~LQ|HE|N699~CLP|5056-2982|1|83|56.88|14.51|MB|2815273440230|21|1~NM1|QC|1|LANGLEY|JIMMY||||HN|456584415A~NM1|82|1||||||XX|1962447805~MOA|||MA01~DTM|050|20150930~SVC|HC^99232|83|56.88||1~DTM|472|20150916~CAS|CO|45|9.35||237|1.1||253|1.16~CAS|PR|2|14.51~REF|6R|1566044119Z1~REF|LU|21~AMT|B6|72.55~LQ|HE|N699~CLP|5056-2983|1|120|81.9|20.89|MB|2815273440240|21|1~NM1|QC|1|LANGLEY|JIMMY||||HN|456584415A~NM1|82|1||||||XX|1962447805~MOA|||MA01~DTM|050|20150930~SVC|HC^99233|120|81.9||1~DTM|472|20150917~CAS|CO|45|13.95||237|1.59||253|1.67~CAS|PR|2|20.89~REF|6R|1566044120Z1~REF|LU|21~AMT|B6|104.46~LQ|HE|N699~CLP|5056-2984|1|120|81.9|20.89|MB|2815273440250|21|1~NM1|QC|1|LANGLEY|JIMMY||||HN|456584415A~NM1|82|1||||||XX|1962447805~MOA|||MA01~DTM|050|20150930~SVC|HC^99233|120|81.9||1~DTM|472|20150918~CAS|CO|45|13.95||237|1.59||253|1.67~CAS|PR|2|20.89~REF|6R|1566044121Z1~REF|LU|21~AMT|B6|104.46~LQ|HE|N699~CLP|5056-2985|1|83|56.88|14.51|MB|2815273440260|21|1~NM1|QC|1|LANGLEY|JIMMY||||HN|456584415A~NM1|82|1||||||XX|1962447805~MOA|||MA01~DTM|050|20150930~SVC|HC^99232|83|56.88||1~DTM|472|20150919~CAS|CO|45|9.35||237|1.1||253|1.16~CAS|PR|2|14.51~REF|6R|1566044122Z1~REF|LU|21~AMT|B6|72.55~LQ|HE|N699~CLP|5056-2986|1|83|56.88|14.51|MB|2815273440270|21|1~NM1|QC|1|LANGLEY|JIMMY||||HN|456584415A~NM1|82|1||||||XX|1962447805~MOA|||MA01~DTM|050|20150930~SVC|HC^99232|83|56.88||1~DTM|472|20150920~CAS|CO|45|9.35||237|1.1||253|1.16~CAS|PR|2|14.51~REF|6R|1566044123Z1~REF|LU|21~AMT|B6|72.55~LQ|HE|N699~CLP|5056-3040|1|120|81.9|20.89|MB|2915273340720|21|1~NM1|QC|1|LANGLEY|JIMMY||||HN|456584415A~NM1|82|1||||||XX|1962447805~MOA|||MA01~DTM|050|20150930~SVC|HC^99233|120|81.9||1~DTM|472|20150907~CAS|CO|45|13.95||237|1.59||253|1.67~CAS|PR|2|20.89~REF|6R|1566408054Z1~REF|LU|21~AMT|B6|104.46~LQ|HE|N699~CLP|5056-3041|1|120|81.9|20.89|MB|2915273340730|21|1~NM1|QC|1|LANGLEY|JIMMY||||HN|456584415A~NM1|82|1||||||XX|1962447805~MOA|||MA01~DTM|050|20150930~SVC|HC^99233|120|81.9||1~DTM|472|20150908~CAS|CO|45|13.95||237|1.59||253|1.67~CAS|PR|2|20.89~REF|6R|1566408055Z1~REF|LU|21~AMT|B6|104.46~LQ|HE|N699~CLP|5056-3042|1|120|81.9|20.89|MB|2915273340740|21|1~NM1|QC|1|LANGLEY|JIMMY||||HN|456584415A~NM1|82|1||||||XX|1962447805~MOA|||MA01~DTM|050|20150930~SVC|HC^99233|120|81.9||1~DTM|472|20150909~CAS|CO|45|13.95||237|1.59||253|1.67~CAS|PR|2|20.89~REF|6R|1566408056Z1~REF|LU|21~AMT|B6|104.46~LQ|HE|N699~CLP|5056-3043|1|83|56.88|14.51|MB|2915273340750|21|1~NM1|QC|1|LANGLEY|JIMMY||||HN|456584415A~NM1|82|1||||||XX|1962447805~MOA|||MA01~DTM|050|20150930~SVC|HC^99232|83|56.88||1~DTM|472|20150910~CAS|CO|45|9.35||237|1.1||253|1.16~CAS|PR|2|14.51~REF|6R|1566408057Z1~REF|LU|21~AMT|B6|72.55~LQ|HE|N699~CLP|5056-3044|1|120|81.9|20.89|MB|2915273340760|21|1~NM1|QC|1|LANGLEY|JIMMY||||HN|456584415A~NM1|82|1||||||XX|1962447805~MOA|||MA01~DTM|050|20150930~SVC|HC^99233|120|81.9||1~DTM|472|20150911~CAS|CO|45|13.95||237|1.59||253|1.67~CAS|PR|2|20.89~REF|6R|1566408058Z1~REF|LU|21~AMT|B6|104.46~LQ|HE|N699~CLP|5056-3045|1|120|81.9|20.89|MB|2915273340770|21|1~NM1|QC|1|LANGLEY|JIMMY||||HN|456584415A~NM1|82|1||||||XX|1962447805~MOA|||MA01~DTM|050|20150930~SVC|HC^99233|120|81.9||1~DTM|472|20150912~CAS|CO|45|13.95||237|1.59||253|1.67~CAS|PR|2|20.89~REF|6R|1566408059Z1~REF|LU|21~AMT|B6|104.46~LQ|HE|N699~CLP|5249-3006|1|109|63.35|16.16|MB|2815273440930|33|1~NM1|QC|1|LEWIS|EDWARD||||HN|547680273A~NM1|82|1||||||XX|1952303547~MOA|||MA01~DTM|050|20150930~SVC|HC^99335|109|63.35||1~DTM|472|20150919~CAS|CO|45|26.97||237|1.23||253|1.29~CAS|PR|2|16.16~REF|6R|1566317010Z1~REF|LU|33~AMT|B6|80.8~LQ|HE|N699~CLP|5082-2910|19|79|53.93|13.76|MB|2815273440880|31|1~NM1|QC|1|LISI|ANN||||HN|052340515A~NM1|82|1||||||XX|1962447805~NM1|TT|2|TX HEALTH & HUMAN SERVICES COMMI|||||PI|70051~MOA|||MA01|MA07~DTM|050|20150930~SVC|HC^99308|79|53.93||1~DTM|472|20150924~CAS|CO|45|9.16||237|1.05||253|1.1~CAS|PR|2|13.76~REF|6R|1566317004Z1~REF|LU|31~AMT|B6|68.79~LQ|HE|N699~CLP|1602-2889|19|222|150.99|38.52|MB|3215271568200|33|1~NM1|QC|1|LUCKETT|MARY||||HN|523464493A~NM1|82|1||||||XX|1962447805~NM1|TT|2|TX HEALTH & HUMAN SERVICES COMMI|||||PI|70051~MOA|||MA01|MA07~DTM|050|20150928~SVC|HC^99337|222|150.99||1~DTM|472|20150921~CAS|CO|45|26.48||237|2.93||253|3.08~CAS|PR|2|38.52~REF|6R|1564211461Z1~REF|LU|33~AMT|B6|192.59~LQ|HE|N699~CLP|517-2988|19|120|81.9|20.89|MB|2815273440290|21|1~NM1|QC|1|MARTINEZ|CAROLYN||||HN|450966097A~NM1|82|1||||||XX|1962447805~NM1|TT|2|TX HEALTH & HUMAN SERVICES COMMI|||||PI|70051~MOA|||MA01|MA07~DTM|050|20150930~SVC|HC^99233|120|81.9||1~DTM|472|20150917~CAS|CO|45|13.95||237|1.59||253|1.67~CAS|PR|2|20.89~REF|6R|1566044125Z1~REF|LU|21~AMT|B6|104.46~LQ|HE|N699~CLP|517-2989|19|120|81.9|20.89|MB|2815273440300|21|1~NM1|QC|1|MARTINEZ|CAROLYN||||HN|450966097A~NM1|82|1||||||XX|1962447805~NM1|TT|2|TX HEALTH & HUMAN SERVICES COMMI|||||PI|70051~MOA|||MA01|MA07~DTM|050|20150930~SVC|HC^99233|120|81.9||1~DTM|472|20150918~CAS|CO|45|13.95||237|1.59||253|1.67~CAS|PR|2|20.89~REF|6R|1566044126Z1~REF|LU|21~AMT|B6|104.46~LQ|HE|N699~CLP|517-2990|19|120|81.9|20.89|MB|2815273440310|21|1~NM1|QC|1|MARTINEZ|CAROLYN||||HN|450966097A~NM1|82|1||||||XX|1962447805~NM1|TT|2|TX HEALTH & HUMAN SERVICES COMMI|||||PI|70051~MOA|||MA01|MA07~DTM|050|20150930~SVC|HC^99233|120|81.9||1~DTM|472|20150919~CAS|CO|45|13.95||237|1.59||253|1.67~CAS|PR|2|20.89~REF|6R|1566044127Z1~REF|LU|21~AMT|B6|104.46~LQ|HE|N699~CLP|517-2991|19|120|81.9|20.89|MB|2815273440320|21|1~NM1|QC|1|MARTINEZ|CAROLYN||||HN|450966097A~NM1|82|1||||||XX|1962447805~NM1|TT|2|TX HEALTH & HUMAN SERVICES COMMI|||||PI|70051~MOA|||MA01|MA07~DTM|050|20150930~SVC|HC^99233|120|81.9||1~DTM|472|20150920~CAS|CO|45|13.95||237|1.59||253|1.67~CAS|PR|2|20.89~REF|6R|1566044128Z1~REF|LU|21~AMT|B6|104.46~LQ|HE|N699~CLP|3622-2921|19|79|53.93|13.76|MB|2815273440530|31|1~NM1|QC|1|MCCUISTION|DORIS||||HN|451425052A~NM1|82|1||||||XX|1962447805~NM1|TT|2|UNITEDHEALTH GROUP|||||PI|30002~MOA|||MA01|MA18~DTM|050|20150930~SVC|HC^99308|79|53.93||1~DTM|472|20150723~CAS|CO|45|9.16||237|1.05||253|1.1~CAS|PR|2|13.76~REF|6R|1566303823Z1~REF|LU|31~AMT|B6|68.79~LQ|HE|N699~CLP|6033-3005|1|222|150.99|38.52|MB|2815273440380|33|1~NM1|QC|1|MONTEAUX|DORIS||||HN|465368367A~NM1|82|1||||||XX|1962447805~MOA|||MA01~DTM|050|20150930~SVC|HC^99337|222|150.99||1~DTM|472|20150918~CAS|CO|45|26.48||237|2.93||253|3.08~CAS|PR|2|38.52~REF|6R|1566266136Z1~REF|LU|33~AMT|B6|192.59~LQ|HE|N699~CLP|6033-2967|1|79|53.93|13.76|MB|2815273440750|31|1~NM1|QC|1|MONTEAUX|DORIS||||HN|465368367A~NM1|82|1||||||XX|1962447805~MOA|||MA01~DTM|050|20150930~SVC|HC^99308|79|53.93||1~DTM|472|20150820~CAS|CO|45|9.16||237|1.05||253|1.1~CAS|PR|2|13.76~REF|6R|1566313261Z1~REF|LU|31~AMT|B6|68.79~LQ|HE|N699~CLP|783-2943|19|222|150.99|38.52|MB|2815273440700|33|1~NM1|QC|1|NELSON|HELEN||||HN|452520020M~NM1|82|1||||||XX|1962447805~NM1|TT|2|TX HEALTH & HUMAN SERVICES COMMI|||||PI|70051~MOA|||MA01|MA07~DTM|050|20150930~SVC|HC^99337^GW|222|150.99||1~DTM|472|20150820~CAS|CO|45|26.48||237|2.93||253|3.08~CAS|PR|2|38.52~REF|6R|1566313250Z1~REF|LU|33~AMT|B6|192.59~LQ|HE|N699~CLP|2489-2932|19|222|150.99|38.52|MB|2815273440600|33|1~NM1|QC|1|PETERSON|DEBORAH||||HN|464111423A~NM1|82|1||||||XX|1962447805~NM1|TT|2|TX HEALTH & HUMAN SERVICES COMMI|||||PI|70051~MOA|||MA01|MA07~DTM|050|20150930~SVC|HC^99337|222|150.99||1~DTM|472|20150820~CAS|CO|45|26.48||237|2.93||253|3.08~CAS|PR|2|38.52~REF|6R|1566313232Z1~REF|LU|33~AMT|B6|192.59~LQ|HE|N699~CLP|5031-2911|19|79|53.93|13.76|MB|2815273440870|31|1~NM1|QC|1|PILGRIM|NELL||||HN|411098338D~NM1|82|1||||||XX|1962447805~NM1|TT|2|UNITEDHEALTH GROUP|||||PI|30002~MOA|||MA01|MA18~DTM|050|20150930~SVC|HC^99308|79|53.93||1~DTM|472|20150924~CAS|CO|45|9.16||237|1.05||253|1.1~CAS|PR|2|13.76~REF|6R|1566317003Z1~REF|LU|31~AMT|B6|68.79~LQ|HE|N699~CLP|6165-2912|19|79|53.93|13.76|MB|2815273440890|31|1~NM1|QC|1|REED|JAMES|R|||HN|467249796A~NM1|82|1||||||XX|1962447805~NM1|TT|2|TX HEALTH & HUMAN SERVICES COMMI|||||PI|70051~MOA|||MA01|MA07~DTM|050|20150930~SVC|HC^99308|79|53.93||1~DTM|472|20150924~CAS|CO|45|9.16||237|1.05||253|1.1~CAS|PR|2|13.76~REF|6R|1566317005Z1~REF|LU|31~AMT|B6|68.79~LQ|HE|N699~CLP|6094-2923|19|79|53.93|13.76|MB|2815273440550|31|1~NM1|QC|1|RISS|BARBARA|A|||HN|371303709A~NM1|82|1||||||XX|1962447805~NM1|TT|2|WPS - TRICARE FOR LIFE|||||PI|60000~MOA|||MA01|MA18~DTM|050|20150930~SVC|HC^99308|79|53.93||1~DTM|472|20150723~CAS|CO|45|9.16||237|1.05||253|1.1~CAS|PR|2|13.76~REF|6R|1566303829Z1~REF|LU|31~AMT|B6|68.79~LQ|HE|N699~CLP|3939-2924|19|79|53.93|13.76|MB|2815273440540|31|1~NM1|QC|1|ROBINSON|DOLORES||||HN|459386406A~NM1|82|1||||||XX|1962447805~NM1|TT|2|UNITEDHEALTH GROUP|||||PI|30002~MOA|||MA01|MA18~DTM|050|20150930~SVC|HC^99308|79|53.93||1~DTM|472|20150723~CAS|CO|45|9.16||237|1.05||253|1.1~CAS|PR|2|13.76~REF|6R|1566303827Z1~REF|LU|31~AMT|B6|68.79~LQ|HE|N699~CLP|5242-3010|19|109|63.35|16.16|MB|2815273440950|33|1~NM1|QC|1|ROWDEN|LESLIE||||HN|466689188C1~NM1|82|1||||||XX|1952303547~NM1|TT|2|TX HEALTH & HUMAN SERVICES COMMI|||||PI|70051~MOA|||MA01|MA07~DTM|050|20150930~SVC|HC^99335|109|63.35||1~DTM|472|20150919~CAS|CO|45|26.97||237|1.23||253|1.29~CAS|PR|2|16.16~REF|6R|1566317012Z1~REF|LU|33~AMT|B6|80.8~LQ|HE|N699~CLP|3503-2902|19|104|71.47|18.23|MB|2815273440800|32|1~NM1|QC|1|RYLANDER|RICHARD||||HN|435661924A~NM1|82|1||||||XX|1962447805~NM1|TT|2|TX HEALTH & HUMAN SERVICES COMMI|||||PI|70051~MOA|||MA01|MA07~DTM|050|20150930~SVC|HC^99309|104|71.47||1~DTM|472|20150924~CAS|CO|45|11.45||237|1.39||253|1.46~CAS|PR|2|18.23~REF|6R|1566316995Z1~REF|LU|32~AMT|B6|91.16~LQ|HE|N699~CLP|5582-3036|19|222|150.99|38.52|MB|2815273440460|33|1~NM1|QC|1|SANDERS|TONY||||HN|467086770A~NM1|82|1||||||XX|1962447805~NM1|TT|2|TX HEALTH & HUMAN SERVICES COMMI|||||PI|70051~MOA|||MA01|MA07~DTM|050|20150930~SVC|HC^99337|222|150.99||1~DTM|472|20150910~CAS|CO|45|26.48||237|2.93||253|3.08~CAS|PR|2|38.52~REF|6R|1566266162Z1~REF|LU|33~AMT|B6|192.59~LQ|HE|N699~CLP|5929-2926|19|79|53.93|13.76|MB|2815273440560|31|1~NM1|QC|1|SCHROEDER|EDNA||||HN|466145851D~NM1|82|1||||||XX|1962447805~NM1|TT|2|UNITEDHEALTH GROUP|||||PI|30002~MOA|||MA01|MA18~DTM|050|20150930~SVC|HC^99308|79|53.93||1~DTM|472|20150723~CAS|CO|45|9.16||237|1.05||253|1.1~CAS|PR|2|13.76~REF|6R|1566303831Z1~REF|LU|31~AMT|B6|68.79~LQ|HE|N699~CLP|6231-3019|19|122|69.02|17.61|MB|2815273440980|31|1~NM1|QC|1|SHIPLEY|KIM||||HN|451158382A~NM1|82|1||||||XX|1952303547~NM1|TT|2|TX HEALTH & HUMAN SERVICES COMMI|||||PI|70051~MOA|||MA01|MA07~DTM|050|20150930~SVC|HC^99309^25|104|60.75||1~DTM|472|20150919~CAS|CO|45|25.33||237|1.18||253|1.24~CAS|PR|2|15.5~REF|6R|1566317023Z1~REF|LU|31~AMT|B6|77.49~LQ|HE|N699~SVC|HC^99406|18|8.27||1~DTM|472|20150919~CAS|CO|45|7.29||237|.16||253|.17~CAS|PR|2|2.11~REF|6R|1566317023Z2~REF|LU|31~AMT|B6|10.55~LQ|HE|N535~LQ|HE|N699~CLP|6158-2927|19|104|71.47|18.23|MB|2815273441000|31|1~NM1|QC|1|SINGLETON|ROGER|D|||HN|455068968T~NM1|82|1||||||XX|1962447805~NM1|TT|2|UNITEDHEALTHCARE|||||PI|00224~MOA|||MA01|MA18~DTM|050|20150930~SVC|HC^99309|104|71.47||1~DTM|472|20150723~CAS|CO|45|11.45||237|1.39||253|1.46~CAS|PR|2|18.23~REF|6R|1566339895Z1~REF|LU|31~AMT|B6|91.16~LQ|HE|N699~CLP|6225-2756|19|193|130.83|33.38|MB|2815273440330|32|1~NM1|QC|1|SKINNER|OC||||HN|461562565A~NM1|82|1||||||XX|1962447805~NM1|TT|2|TX HEALTH & HUMAN SERVICES COMMI|||||PI|70051~MOA|||MA01|MA07~DTM|050|20150930~SVC|HC^99306|193|130.83||1~DTM|472|20150918~CAS|CO|45|23.58||237|2.54||253|2.67~CAS|PR|2|33.38~REF|6R|1566266115Z1~REF|LU|32~AMT|B6|166.88~LQ|HE|N699~CLP|6225-2901|19|104|71.47|18.23|MB|2815273440790|32|1~NM1|QC|1|SKINNER|OC||||HN|461562565A~NM1|82|1||||||XX|1962447805~NM1|TT|2|TX HEALTH & HUMAN SERVICES COMMI|||||PI|70051~MOA|||MA01|MA07~DTM|050|20150930~SVC|HC^99309|104|71.47||1~DTM|472|20150924~CAS|CO|45|11.45||237|1.39||253|1.46~CAS|PR|2|18.23~REF|6R|1566316994Z1~REF|LU|32~AMT|B6|91.16~LQ|HE|N699~CLP|5113-3026|19|79|53.93|13.76|MB|2815273440430|32|1~NM1|QC|1|SMITH|KAREN||||HN|464080734A~NM1|82|1||||||XX|1962447805~NM1|TT|2|TX HEALTH & HUMAN SERVICES COMMI|||||PI|70051~MOA|||MA01|MA07~DTM|050|20150930~SVC|HC^99308|79|53.93||1~DTM|472|20150914~CAS|CO|45|9.16||237|1.05||253|1.1~CAS|PR|2|13.76~REF|6R|1566266150Z1~REF|LU|32~AMT|B6|68.79~LQ|HE|N699~CLP|5113-2945|19|104|71.47|18.23|MB|2815273440720|32|1~NM1|QC|1|SMITH|KAREN||||HN|464080734A~NM1|82|1||||||XX|1962447805~NM1|TT|2|TX HEALTH & HUMAN SERVICES COMMI|||||PI|70051~MOA|||MA01|MA07~DTM|050|20150930~SVC|HC^99309|104|71.47||1~DTM|472|20150820~CAS|CO|45|11.45||237|1.39||253|1.46~CAS|PR|2|18.23~REF|6R|1566313255Z1~REF|LU|32~AMT|B6|91.16~LQ|HE|N699~CLP|5573-2965|1|222|150.99|38.52|MB|2815273440730|33|1~NM1|QC|1|SPENCER|GERALDINE||||HN|450745441A~NM1|82|1||||||XX|1962447805~MOA|||MA01~DTM|050|20150930~SVC|HC^99337|222|150.99||1~DTM|472|20150820~CAS|CO|45|26.48||237|2.93||253|3.08~CAS|PR|2|38.52~REF|6R|1566313257Z1~REF|LU|33~AMT|B6|192.59~LQ|HE|N699~CLP|6201-3009|19|109|74.53|19.01|MB|2815273440940|33|1~NM1|QC|1|STANSBURY|LAWRANCE||||HN|351408635A~NM1|82|1||||||XX|1962447805~NM1|TT|2|TX HEALTH & HUMAN SERVICES COMMI|||||PI|70051~MOA|||MA01|MA07~DTM|050|20150930~SVC|HC^99335|109|74.53||1~DTM|472|20150919~CAS|CO|45|12.49||237|1.45||253|1.52~CAS|PR|2|19.01~REF|6R|1566317011Z1~REF|LU|33~AMT|B6|95.06~LQ|HE|N699~CLP|6060-2942|19|222|150.99|38.52|MB|2815273440690|33|1~NM1|QC|1|STATON|ELZIE|D|||HN|508786280T~NM1|82|1||||||XX|1962447805~NM1|TT|2|TX HEALTH & HUMAN SERVICES COMMI|||||PI|70051~MOA|||MA01|MA07~DTM|050|20150930~SVC|HC^99337|222|150.99||1~DTM|472|20150820~CAS|CO|45|26.48||237|2.93||253|3.08~CAS|PR|2|38.52~REF|6R|1566313249Z1~REF|LU|33~AMT|B6|192.59~LQ|HE|N699~CLP|6044-2935|19|222|150.99|38.52|MB|2815273440630|33|1~NM1|QC|1|TAYLOR|AUDREY||||HN|450967533A~NM1|82|1||||||XX|1962447805~NM1|TT|2|TX HEALTH & HUMAN SERVICES COMMI|||||PI|70051~MOA|||MA01|MA07~DTM|050|20150930~SVC|HC^99337|222|150.99||1~DTM|472|20150820~CAS|CO|45|26.48||237|2.93||253|3.08~CAS|PR|2|38.52~REF|6R|1566313237Z1~REF|LU|33~AMT|B6|192.59~LQ|HE|N699~CLP|726-2941|19|222|150.99|38.52|MB|2815273440680|33|1~NM1|QC|1|THOMAS|JIMMIE M||||HN|427101367D~NM1|82|1||||||XX|1962447805~NM1|TT|2|TX HEALTH & HUMAN SERVICES COMMI|||||PI|70051~MOA|||MA01|MA07~DTM|050|20150930~SVC|HC^99337|222|150.99||1~DTM|472|20150820~CAS|CO|45|26.48||237|2.93||253|3.08~CAS|PR|2|38.52~REF|6R|1566313247Z1~REF|LU|33~AMT|B6|192.59~LQ|HE|N699~CLP|1027-2896|19|222|150.99|38.52|MB|3215271568260|33|1~NM1|QC|1|THORNTON|ARWILDER||||HN|457072991C1~NM1|82|1||||||XX|1962447805~NM1|TT|2|TX HEALTH & HUMAN SERVICES COMMI|||||PI|70051~MOA|||MA01|MA07~DTM|050|20150928~SVC|HC^99337|222|150.99||1~DTM|472|20150914~CAS|CO|45|26.48||237|2.93||253|3.08~CAS|PR|2|38.52~REF|6R|1564211473Z1~REF|LU|33~AMT|B6|192.59~LQ|HE|N699~CLP|1320-2928|1|79|53.93|13.76|MB|2815273440570|31|1~NM1|QC|1|VERVER|CARLOS||||HN|456683123A~NM1|82|1||||||XX|1962447805~MOA|||MA01~DTM|050|20150930~SVC|HC^99308|79|53.93||1~DTM|472|20150723~CAS|CO|45|9.16||237|1.05||253|1.1~CAS|PR|2|13.76~REF|6R|1566303834Z1~REF|LU|31~AMT|B6|68.79~LQ|HE|N699~CLP|1320-2914|1|79|53.93|13.76|MB|2815273440900|31|1~NM1|QC|1|VERVER|CARLOS||||HN|456683123A~NM1|82|1||||||XX|1962447805~MOA|||MA01~DTM|050|20150930~SVC|HC^99308|79|53.93||1~DTM|472|20150924~CAS|CO|45|9.16||237|1.05||253|1.1~CAS|PR|2|13.76~REF|6R|1566317006Z1~REF|LU|31~AMT|B6|68.79~LQ|HE|N699~CLP|6190-3024|1|79|53.93|13.76|MB|2815273440410|32|1~NM1|QC|1|WILKINS|LAURA||||HN|428504538A~NM1|82|1||||||XX|1962447805~MOA|||MA01~DTM|050|20150930~SVC|HC^99308|79|53.93||1~DTM|472|20150914~CAS|CO|45|9.16||237|1.05||253|1.1~CAS|PR|2|13.76~REF|6R|1566266147Z1~REF|LU|32~AMT|B6|68.79~LQ|HE|N699~CLP|6190-2940|1|104|71.47|18.23|MB|2815273440670|32|1~NM1|QC|1|WILKINS|LAURA||||HN|428504538A~NM1|82|1||||||XX|1962447805~MOA|||MA01~DTM|050|20150930~SVC|HC^99309|104|71.47||1~DTM|472|20150820~CAS|CO|45|11.45||237|1.39||253|1.46~CAS|PR|2|18.23~REF|6R|1566313245Z1~REF|LU|32~AMT|B6|91.16~LQ|HE|N699~CLP|5860-2971|19|79|53.93|13.76|MB|2815273440770|32|1~NM1|QC|1|WILSON|WILLIE||||HN|452926535A~NM1|82|1||||||XX|1962447805~NM1|TT|2|TX HEALTH & HUMAN SERVICES COMMI|||||PI|70051~MOA|||MA01|MA07~DTM|050|20150930~SVC|HC^99308|79|53.93||1~DTM|472|20150820~CAS|CO|45|9.16||237|1.05||253|1.1~CAS|PR|2|13.76~REF|6R|1566313265Z1~REF|LU|32~AMT|B6|68.79~LQ|HE|N699~CLP|3372-3001|19|222|150.99|38.52|MB|2815273440350|33|1~NM1|QC|1|WORDLAW|LISA||||HN|452279395A~NM1|82|1||||||XX|1962447805~NM1|TT|2|TX HEALTH & HUMAN SERVICES COMMI|||||PI|70051~MOA|||MA01|MA07~DTM|050|20150930~SVC|HC^99337|222|150.99||1~DTM|472|20150918~CAS|CO|45|26.48||237|2.93||253|3.08~CAS|PR|2|38.52~REF|6R|1566266129Z1~REF|LU|33~AMT|B6|192.59~LQ|HE|N699~CLP|5239-2996|19|104|60.75|15.5|MB|2815273440910|31|1~NM1|QC|1|YOUNG|AUDREY||||HN|449683350A~NM1|82|1||||||XX|1952303547~NM1|TT|2|UNITEDHEALTH GROUP|||||PI|30002~MOA|||MA01|MA18~DTM|050|20150930~SVC|HC^99309|104|60.75||1~DTM|472|20150919~CAS|CO|45|25.33||237|1.18||253|1.24~CAS|PR|2|15.5~REF|6R|1566317007Z1~REF|LU|31~AMT|B6|77.49~LQ|HE|N699~SE|1366|0002~GE|2|789~IEA|1|000000789~