ISA|00|          |00|          |ZZ|ZIRMED         |ZZ|611358935      |150516|0523|U|00401|000000913|0|P|^~GS|HP|ZIRMED|611358935|20150516|0523|908|X|004010X091A1~ST|835|0001~BPR|I|109.08|C|CHK||||||||||||20150511~TRN|1|369549936|1591031071|62308~REF|EV|133052274~REF|F2|1~DTM|405|20150516~N1|PR|CIGNA HEALTH AND LIFE INSURANCE COMPANY~N3|P.O. BOX 182223~N4|CHATTANOOGA|TN|374227223~REF|2U|62308~N1|PE|DFW GERIATRICS PLLC|XX|1063835361~N3|2925 SKYWAY N CIR~N4|IRVING|TX|750383510~REF|TJ|464596718~LX|1~TS3|1063835361|11|20151231|1|145~CLP|5161-2722|1|145|109.08||13|8671512992395|11|1~NM1|QC|1|MCCOY|SARA|A|||MI|U0435345804~NM1|IL|1|MCCOY|SARA||||MI|U0435345801~NM1|82|1|KETHA|SUMANA|D|||XX|1962447805~REF|1L|2498830~REF|CE|OPEN ACCESS PLUS~DTM|050|20150509~DTM|232|20150401~DTM|233|20150401~PER|CX|MEMBER SERVICES|TE|8002446224~AMT|AU|109.08~SVC|HC^99395|145|109.08||1~CAS|CO|45|35.92~REF|6R|1444302717Z1~AMT|B6|109.08~SE|32|0001~GE|1|908~IEA|1|000000913~