ISA|00|          |00|          |ZZ|ZIRMED         |30|611340767      |150901|0848|U|00401|000001280|0|P|^~GS|HP|ZIRMED|611340767|20150901|0848|1275|X|004010X091A1~ST|835|0001~BPR|I|292.93|C|ACH|CCP|01|011900445|DA|0000009046|1066033492||01|111000025|DA|488038453432|20150904~TRN|1|815243490003944|1066033492~REF|EV|611340767~DTM|405|20150901~N1|PR|AETNA~N3|151 FARMINGTON AVENUE~N4|HARTFORD|CT|06156~N1|PE|KETHA, SUMANA|XX|1063835361~N3|2925 SKYWAY CIR N~N4|IRVING|TX|750383510~REF|PQ|762610840~REF|TJ|464596718~LX|1~TS3|1063835361|11|20151231|1|438~CLP|6077-3582|1|438|292.93|30|13|EJABN83GX0000|11|1~NM1|QC|1|NAZ|SHAZIA||||MI|W161621972~NM1|74|1|RAFIQUE|MUHAMMAD~NM1|82|1|KETHA|SUMANA||||XX|1063835361~REF|1L|0819974-010-00001-AA~REF|CE|AETNA SELECT  8480 NET 00640~DTM|232|20150709~DTM|233|20150709~DTM|050|20150821~PER|CX||TE|8886323862~AMT|AU|438~SVC|HC^99386^25|186|151.75||1~DTM|472|20150709~CAS|CO|45|34.25~REF|6R|1533640962Z1~AMT|B6|151.75~SVC|HC^95923|252|141.18||1~DTM|472|20150709~CAS|CO|45|80.82~CAS|PR|3|30~REF|6R|1533640962Z2~AMT|B6|171.18~SE|38|0001~GE|1|1275~IEA|1|000001280~