ISA|00|          |00|          |ZZ|ZIRMED         |29|E12705         |150825|0154|U|00401|000001245|0|P|^~GS|HP|ZIRMED|E12705|20150825|0154|1240|X|004010X091A1~ST|835|0001~BPR|H|0|C|NON||||||||||||20150825~TRN|1|459650412|1205296137~REF|EV|E12705~DTM|405|20150824~N1|PR|NOVITAS SOLUTIONS, INC.~N3|PO BOX 3110~N4|MECHANICSBURG|PA|170551826~REF|2U|04412~PER|CX||TE|8552528782~N1|PE|DFW GERIATRICS PLLC|XX|1063835361~N3|2925 SKYWAY CIRCLE NORTH~N4|IRVING|TX|750383510~REF|TJ|464596718~LX|1~CLP|307-3637|1|0|0||MB|2815233722632|11|1~NM1|QC|1|NEAL|CHESTER||||HN|441625131A~NM1|82|1||||||XX|1962447805~MOA|||MA130|MA15~DTM|050|20150821~SVC|HC^99406|0|0||||1~DTM|472|20150818~REF|6R|1533626315Z2~REF|LU|11~LQ|HE|M79~CLP|317-3572|1|4|0||MB|2815233722552|11|1~NM1|QC|1|TWILLEY|EDWARD||||HN|458213375A~NM1|82|1||||||XX|1962447805~MOA|||MA130|MA15~DTM|050|20150821~SVC|HC^94760|4|0||||1~DTM|472|20150806~CAS|CO|16|4~REF|6R|1533470402Z3~REF|LU|11~LQ|HE|MA130~LQ|HE|N265~LQ|HE|N276~LQ|HE|N286~SE|40|0001~ST|835|0002~BPR|I|98.5|C|ACH|CCP|01|081517693|DA|152302017594|1205296137||01|111000025|DA|488038453432|20150825~TRN|1|890834185|1205296137~REF|EV|E12705~DTM|405|20150824~N1|PR|NOVITAS SOLUTIONS, INC.~N3|PO BOX 3110~N4|MECHANICSBURG|PA|170551826~REF|2U|04412~PER|CX||TE|8552528782~N1|PE|DFW GERIATRICS PLLC|XX|1063835361~N3|2925 SKYWAY CIRCLE NORTH~N4|IRVING|TX|750383510~REF|TJ|464596718~LX|1~CLP|149-2127|19|193|98.5|25.13|MB|2815189204860|32|1~NM1|QC|1|SMITH|KAREN||||HN|464080734A~NM1|82|1||||||XX|1962447805~NM1|TT|2|TX HEALTH & HUMAN SERVICES COMMI|||||PI|70051~MOA|||MA01|MA07~DTM|050|20150708~SVC|HC^99305^CC|193|98.5||1|HC^99306~DTM|472|20150121~CAS|CO|45|67.36||253|2.01~CAS|PR|2|25.13~REF|6R|1493934640Z1~REF|LU|32~AMT|B6|125.64~LQ|HE|M25~SE|30|0002~GE|2|1240~IEA|1|000001245~