ISA|00|          |00|          |ZZ|ZIRMED         |ZZ|GATE0084       |150602|0359|U|00401|000000987|1|P|^~GS|HP|ZIRMED|GATE0084|20150602|0359|982|X|004010X091A1~ST|835|0001~BPR|I|91.66|C|CHK||||||||||||20150529~TRN|1|PG46469413|1411289245|000087726~DTM|405|20150529~N1|PR|UNITED HEALTHCARE INSURANCE COMPANY|XV|87726~N3|SAN ANTONIO SERVICE CENTER|PO BOX 740809~N4|ATLANTA|GA|303740809~REF|2U|87726~PER|CX|SAN ANTONIO SERVICE CENTER|TE|8778423210~N1|PE|SUMANA KETHA|XX|1063835361~N3|2925 SKYWAY CIR N~N4|IRVING|TX|750380000~REF|TJ|464596718~LX|1~TS3|1063835361|11|20151231|1|382~CLP|5721-2832|1|382|91.66|222.41|13|5052862133 0019305800|11|1~NM1|QC|1|MAKI|JACQUELINE~NM1|IL|1|MAKI|JACQUELINE||||MI|003114900~NM1|74|1|||R~NM1|82|1|KETHA|SUMANA||||XX|1962447805~REF|1L|744260~REF|CE|NAVI PL~DTM|050|20150514~DTM|232|20150417~AMT|AU|382~SVC|HC^99214^25|130|91.66||1~DTM|472|20150417~CAS|CO|45|13.34~CAS|PR|3|25~REF|6R|1449534689Z1~AMT|B6|116.66~SVC|HC^95923|252|0||1~DTM|472|20150417~CAS|CO|45|54.59~CAS|PR|1|197.41~REF|6R|1449534689Z2~AMT|B6|197.41~SE|38|0001~ST|835|0002~BPR|I|264|C|CHK||||||||||||20150529~TRN|1|PH90853397|1411289245|000087726~DTM|405|20150529~N1|PR|UNITED HEALTHCARE INSURANCE COMPANY|XV|87726~N3|SPRINGFIELD SERVICE CENTER|P O BOX 30555~N4|SALT LAKE CITY|UT|841300555~REF|2U|87726~PER|CX|SPRINGFIELD SERVICE CENTER|TE|8778423210~N1|PE|SUMANA KETHA|XX|1063835361~N3|2925 SKYWAY CIR N~N4|IRVING|TX|750380000~REF|TJ|464596718~LX|1~TS3|1063835361|11|20151231|1|264~CLP|5975-2920|1|264|264||14|5063604047 0054278722|11|1~NM1|QC|1|PATTERSON|LAWRENCE~NM1|IL|1|PATTERSON|LAWRENCE||||MI|963213985~NM1|74|1|||K~NM1|82|1|KETHA|SUMANA||||XX|1962447805~REF|1L|701823~REF|CE|SEL EPO~DTM|050|20150522~DTM|232|20150409~AMT|AU|264~SVC|HC^93306|264|264||1~DTM|472|20150409~REF|6R|1456344920Z1~AMT|B6|264~SE|30|0002~ST|835|0003~BPR|I|458.62|C|CHK||||||||||||20150529~TRN|1|QC10052708|1411289245|000087726~DTM|405|20150529~N1|PR|UNITED HEALTHCARE INSURANCE COMPANY|XV|87726~N3|GREENSBORO SERVICE CENTER|PO BOX 30555~N4|SALT LAKE CITY|UT|841300555~REF|2U|87726~PER|CX|GREENSBORO SERVICE CENTER|TE|8778423210~N1|PE|SUMANA KETHA|XX|1063835361~N3|2925 SKYWAY CIR N~N4|IRVING|TX|750380000~REF|TJ|464596718~LX|1~TS3|1063835361|11|20151231|5|693~CLP|6004-2814|1|130|116.66||13|5052862136 0013770713|11|1~NM1|QC|1|BEGUM|SHAHINUR~NM1|IL|1|BEGUM|SHAHINUR||||MI|964155145~NM1|82|1|KETHA|SUMANA||||XX|1962447805~REF|CE|ADVTG~REF|1L|902732~DTM|050|20150514~DTM|232|20150403~AMT|AU|130~SVC|HC^99214|130|116.66||1~DTM|472|20150403~CAS|CO|45|13.34~REF|6R|1449534682Z1~AMT|B6|116.66~CLP|6004-2824|1|88|78.92||13|5052862137 0013770719|11|1~NM1|QC|1|BEGUM|SHAHINUR~NM1|IL|1|BEGUM|SHAHINUR||||MI|964155145~NM1|82|1|KETHA|SUMANA||||XX|1962447805~REF|CE|ADVTG~REF|1L|902732~DTM|050|20150514~DTM|232|20150413~AMT|AU|88~SVC|HC^99213|88|78.92||1~DTM|472|20150413~CAS|CO|45|9.08~REF|6R|1449534687Z1~AMT|B6|78.92~CLP|6014-2822|1|155|128.3||13|5052862138 0013886266|11|1~NM1|QC|1|SURISATTI|VARAHA~NM1|IL|1|SURISATTI|VARAHA||||MI|974020446~NM1|74|1|SURISETTI|VARAHA SANYA~NM1|82|1|KETHA|SUMANA||||XX|1962447805~REF|CE|COMPASS~REF|1L|902732~DTM|050|20150514~DTM|232|20150410~AMT|AU|155~SVC|HC^99396|155|128.3||1~DTM|472|20150410~CAS|CO|45|26.7~REF|6R|1449534686Z1~AMT|B6|128.3~CLP|6040-2899|1|160|0||13|5060414822 0014017696|11|1~NM1|QC|1|MAHAMOUD|MARYAM~NM1|IL|1|MAHAMOUD|MARYAM||||MI|929003678~NM1|74|1||MARYAN|K~NM1|82|1|KETHA|SUMANA||||XX|1962447805~REF|1L|902732~REF|CE|COMP BA~DTM|050|20150520~DTM|232|20150512~SVC|HC^99385|160|0||1~DTM|472|20150512~CAS|CO|227|160~REF|6R|1454218134Z1~LQ|HE|MA130~CLP|6040-2899|1|160|134.74||13|9375737029 0014053092|11|1~NM1|QC|1|MAHAMOUD|MARYAM~NM1|IL|1|MAHAMOUD|MARYAM||||MI|929003678~NM1|74|1||MARYAN|K~NM1|82|1|KETHA|SUMANA||||XX|1962447805~REF|1L|902732~REF|CE|COMP BA~DTM|050|20150523~DTM|232|20150512~AMT|AU|160~SVC|HC^99385|160|134.74||1~DTM|472|20150512~CAS|CO|45|25.26~REF|6R|1454188004Z1~AMT|B6|134.74~SE|88|0003~ST|835|0004~BPR|I|145.58|C|CHK||||||||||||20150529~TRN|1|QC59514457|1411289245|000087726~DTM|405|20150529~N1|PR|UNITED HEALTHCARE INSURANCE COMPANY|XV|87726~N3|P O BOX 740800~N4|ATLANTA|GA|303740800~REF|2U|87726~PER|CX|CHICO SERVICE CENTER|TE|8778423210~N1|PE|SUMANA KETHA|XX|1063835361~N3|2925 SKYWAY CIR N~N4|IRVING|TX|750380000~REF|TJ|464596718~LX|1~TS3|1063835361|11|20151231|3|348~CLP|5658-2815|1|130|91.66|25|13|5052862134 0254640625|11|1~NM1|QC|1|SEPOORI|MILTON~NM1|IL|1|SEPOORI|MILTON||||MI|912058559~NM1|74|1||MILTON JAI K~NM1|82|1|KETHA|SUMANA||||XX|1962447805~REF|CE|CHOYC+~REF|1L|2H5075~DTM|050|20150514~DTM|232|20150403~AMT|AU|130~SVC|HC^99214|130|91.66||1~DTM|472|20150403~CAS|CO|45|13.34~CAS|PR|3|25~REF|6R|1449534683Z1~AMT|B6|116.66~CLP|5658-2828|1|88|53.92|25|13|5052862135 0254640635|11|1~NM1|QC|1|SEPOORI|MILTON~NM1|IL|1|SEPOORI|MILTON||||MI|912058559~NM1|74|1||MILTON JAI K~NM1|82|1|KETHA|SUMANA||||XX|1962447805~REF|1L|2H5075~REF|CE|CHOYC+~DTM|050|20150514~DTM|232|20150417~AMT|AU|88~SVC|HC^99213|88|53.92||1~DTM|472|20150417~CAS|CO|45|9.08~CAS|PR|3|25~REF|6R|1449534688Z1~AMT|B6|78.92~CLP|6043-2911|1|130|0|116.66|13|5063604046 0014039350|11|1~NM1|QC|1|SINGH|AMIT KUMAR~NM1|IL|1|SINGH|AMIT KUMAR||||MI|931891256~NM1|82|1|KETHA|SUMANA||||XX|1962447805~REF|CE|CHOYC+~REF|1L|902866~DTM|050|20150522~DTM|232|20150515~AMT|AU|130~SVC|HC^99214|130|0||1~DTM|472|20150515~CAS|CO|45|13.34~CAS|PR|1|116.66~REF|6R|1456315691Z1~AMT|B6|116.66~SE|63|0004~GE|4|982~IEA|1|000000987~