ISA|00|          |00|          |ZZ|ZIRMED         |29|E12705         |150604|0323|U|00401|000000132|0|P|^~GS|HP|ZIRMED|E12705|20150604|0323|132|X|004010X091A1~ST|835|0001~BPR|H|0|C|NON||||||||||||20150604~TRN|1|459287779|1205296137~REF|EV|E12705~DTM|405|20150603~N1|PR|NOVITAS SOLUTIONS, INC.~N3|PO BOX 3110~N4|MECHANICSBURG|PA|170551826~REF|2U|04412~PER|CX||TE|8552528782~N1|PE|SUMANA KETHA, MD PA|XX|1356565865~N3|2925 SKYWAY CIRCLE NORTH~N4|IRVING|TX|750383510~REF|TJ|201401614~LX|1~CLP|6047-468|1|79|0||MB|2915149021770|32|1~NM1|QC|1|BEAM|VIRGINIA||||HN|483203054A~NM1|82|1||||||XX|1962447805~MOA|||MA01~DTM|050|20150529~SVC|HC^99308|79|0||||1~DTM|472|20150330~CAS|OA|18|79~REF|6R|1461386907Z1~REF|LU|32~LQ|HE|M86~LQ|HE|N522~CLP|3363-460|1|104|0||MB|2915149021750|32|1~NM1|QC|1|GALIMORE|FELIXD||||HN|439522668A~NM1|82|1||||||XX|1962447805~MOA|||MA01~DTM|050|20150529~SVC|HC^99309|104|0||||1~DTM|472|20150313~CAS|CO|151|104~REF|6R|1461386905Z1~REF|LU|32~LQ|HE|MA01~SE|39|0001~ST|835|0002~BPR|I|224.39|C|ACH|CCP|01|081517693|DA|152302017594|1205296137||01|111000025|DA|004785310244|20150604~TRN|1|890317824|1205296137~REF|EV|E12705~DTM|405|20150603~N1|PR|NOVITAS SOLUTIONS, INC.~N3|PO BOX 3110~N4|MECHANICSBURG|PA|170551826~REF|2U|04412~PER|CX||TE|8552528782~N1|PE|SUMANA KETHA, MD PA|XX|1356565865~N3|2925 SKYWAY CIRCLE NORTH~N4|IRVING|TX|750383510~REF|TJ|201401614~LX|1~CLP|43990Z5556|19|172.51|74.16|18.92|MB|2815141153690|33|1~NM1|QC|1|BARNETT|WALTER||||HN|458342969A~NM1|82|1||||||XX|1962447805~NM1|TT|2|SIERRA HEALTH & LIFE INSURANCE C|||||PI|30096~MOA|||MA01|MA18~DTM|050|20150521~SVC|HC^99335|172.51|74.16||1~DTM|472|20150323~CAS|CO|45|76.48||237|1.44||253|1.51~CAS|PR|2|18.92~REF|6R|S5556K46362K9~REF|LU|33~AMT|B6|94.59~LQ|HE|N699~CLP|43841Z5556|19|350.63|150.23|38.33|MB|2815141153700|33|1~NM1|QC|1|GARN|JAMES|F|||HN|467240006A~NM1|82|1||||||XX|1962447805~NM1|TT|2|TX HEALTH & HUMAN SERVICES COMMI|||||PI|70051~MOA|||MA01|MA07~DTM|050|20150521~SVC|HC^99337^GW|350.63|150.23||1~DTM|472|20150226~CAS|CO|45|156.08||237|2.92||253|3.07~CAS|PR|2|38.33~REF|6R|S5556K46203K9~REF|LU|33~AMT|B6|191.63~LQ|HE|N699~SE|44|0002~GE|2|132~IEA|1|000000132~