ISA|00|          |00|          |ZZ|ZIRMED         |29|E12705         |150523|0859|U|00401|000000976|0|P|^~GS|HP|ZIRMED|E12705|20150523|0859|971|X|004010X091A1~ST|835|0001~BPR|I|434.52|C|ACH|CCP|01|081517693|DA|152302017594|1205296137||01|111000025|DA|488038453432|20150526~TRN|1|890251597|1205296137~REF|EV|E12705~DTM|405|20150522~N1|PR|NOVITAS SOLUTIONS, INC.~N3|PO BOX 3110~N4|MECHANICSBURG|PA|170551826~REF|2U|04412~PER|CX||TE|8552528782~N1|PE|DFW GERIATRICS PLLC|XX|1063835361~N3|2925 SKYWAY CIRCLE NORTH~N4|IRVING|TX|750383510~REF|TJ|464596718~LX|1~CLP|420-2798|19|61|40.42|10.31|MB|2815131599040|11|1~NM1|QC|1|AGANON|ASTERIO||||HN|630768999A~NM1|82|1||||||XX|1962447805~NM1|TT|2|ASSURED LIFE ASSOCIATION|||||PI|30281~MOA|||MA01|MA18~DTM|050|20150511~SVC|HC^G0180|61|40.42||1~DTM|472|20150401~CAS|CO|45|9.44||253|.83~CAS|PR|2|10.31~REF|LU|11~REF|6R|1445441481Z1~AMT|B6|51.56~CLP|420-2799|19|124|72.6|18.52|MB|2815131599060|11|1~NM1|QC|1|AGANON|ASTERIO||||HN|630768999A~NM1|82|1||||||XX|1679978068~NM1|TT|2|ASSURED LIFE ASSOCIATION|||||PI|30281~MOA|||MA01|MA18~DTM|050|20150511~SVC|HC^G0181|124|72.6||1~DTM|472|20150430~CAS|CO|45|31.4||253|1.48~CAS|PR|2|18.52~REF|LU|11~REF|6R|1445441482Z1~AMT|B6|92.6~CLP|307-2755|19|240|72.61|18.52|MB|2815131599100|11|1~NM1|QC|1|NEAL|CHESTER||||HN|441625131A~NM1|82|1||||||XX|1679978068~NM1|TT|2|TX HEALTH & HUMAN SERVICES COMMI|||||PI|70051~MOA|||MA01|MA07~DTM|050|20150511~SVC|HC^99214^25|130|72.61||1~DTM|472|20150204~CAS|CO|45|37.39||253|1.48~CAS|PR|2|18.52~REF|LU|11~REF|6R|1445441693Z1~AMT|B6|92.61~SVC|HC^95921|110|0||||1~DTM|472|20150204~CAS|CO|170|110~REF|LU|11~REF|6R|1445441693Z2~CLP|307-2800|19|47|31.09|7.93|MB|2815131599130|11|1~NM1|QC|1|NEAL|CHESTER||||HN|441625131A~NM1|82|1||||||XX|1962447805~NM1|TT|2|TX HEALTH & HUMAN SERVICES COMMI|||||PI|70051~MOA|||MA01|MA07~DTM|050|20150511~SVC|HC^G0179|47|31.09||1~DTM|472|20150428~CAS|CO|45|7.35||253|.63~CAS|PR|2|7.93~REF|LU|11~REF|6R|1445441694Z1~AMT|B6|39.65~CLP|307-2801|19|124|72.6|18.52|MB|2815131599160|11|1~NM1|QC|1|NEAL|CHESTER||||HN|441625131A~NM1|82|1||||||XX|1679978068~NM1|TT|2|TX HEALTH & HUMAN SERVICES COMMI|||||PI|70051~MOA|||MA01|MA07~DTM|050|20150511~SVC|HC^G0181|124|72.6||1~DTM|472|20150430~CAS|CO|45|31.4||253|1.48~CAS|PR|2|18.52~REF|LU|11~REF|6R|1445441695Z1~AMT|B6|92.6~CLP|352-2796|1|124|72.6|18.52|MB|2815131598950|11|1~NM1|QC|1|RAYMOND|JAMES||||HN|565788029A~NM1|82|1||||||XX|1679978068~MOA|||MA01~DTM|050|20150511~SVC|HC^G0181|124|72.6||1~DTM|472|20150331~CAS|CO|45|31.4||253|1.48~CAS|PR|2|18.52~REF|LU|11~REF|6R|1445441381Z1~AMT|B6|92.6~CLP|352-2797|1|124|72.6|18.52|MB|2815131599000|11|1~NM1|QC|1|RAYMOND|JAMES||||HN|565788029A~NM1|82|1||||||XX|1679978068~MOA|||MA01~DTM|050|20150511~SVC|HC^G0181|124|72.6||1~DTM|472|20150430~CAS|CO|45|31.4||253|1.48~CAS|PR|2|18.52~REF|LU|11~REF|6R|1445441382Z1~AMT|B6|92.6~SE|110|0001~GE|1|971~IEA|1|000000976~