ISA|00|          |00|          |ZZ|ZIRMED         |29|E12705         |150307|0342|U|00401|000000695|0|P|^~GS|HP|ZIRMED|E12705|20150307|0342|690|X|004010X091A1~ST|835|0001~BPR|H|0|C|NON||||||||||||20150309~TRN|1|458851567|1205296137~REF|EV|E12705~DTM|405|20150306~N1|PR|NOVITAS SOLUTIONS, INC.~N3|PO BOX 3110~N4|MECHANICSBURG|PA|170551826~REF|2U|04412~PER|CX||TE|8552528782~N1|PE|DFW GERIATRICS PLLC|XX|1063835361~N3|2925 SKYWAY CIRCLE NORTH~N4|IRVING|TX|750383510~REF|TJ|464596718~LX|1~CLP|127-2495|1|51|0||MB|2815062536470|33|1~NM1|QC|1|GALIMORE|FELIX||||HN|439522668A~NM1|82|1||||||XX|1962447805~MOA|||MA01~DTM|050|20150303~SVC|HC^99307|51|0||||1~DTM|472|20150212~CAS|CO|58|51~REF|LU|33~REF|6R|1387328939Z1~CLP|129-2255|1|104|0||MB|3815048836810|32|1~NM1|QC|1|GARN|JAMES|F|||HN|467240006A~NM1|82|1||||||XX|1962447805~MOA|||MA01~DTM|050|20150217~SVC|HC^99309|104|0||||1~DTM|472|20141111~CAS|CO|B9|104~REF|LU|32~REF|6R|1374980281Z1~LQ|HE|N90~CLP|136-953|1|51|0||MB|2815064123620|32|1~NM1|QC|1|JEFFERY|JOHN|H|||HN|467644818A~NM1|82|1||||||XX|1962447805~MOA|||MA01~DTM|050|20150305~SVC|HC^99307|51|0||||1~DTM|472|20141111~CAS|OA|18|51~REF|LU|32~REF|6R|1389312972Z1~LQ|HE|N522~CLP|154-2415|1|193|0||MB|2815062536420|32|1~NM1|QC|1|LANGLEY|JIMMY||||HN|456584415A~NM1|82|1||||||XX|1962447805~MOA|||MA01~DTM|050|20150303~SVC|HC^99306|193|0||||1~DTM|472|20150212~CAS|CO|151|193~REF|LU|32~REF|6R|1387328934Z1~LQ|HE|N362~CLP|371-2419|4|104|0||MB|2815064123630|31|1~NM1|QC|1|MERRIE|STEVENS|G|||HN|449068942A~NM1|82|1||||||XX|1962447805~MOA|||MA130|MA61~DTM|050|20150305~SVC|HC^99309|104|0||||1~DTM|472|20141230~CAS|CO|140|104~REF|LU|31~REF|6R|1389313052Z1~LQ|HE|MA130~LQ|HE|MA61~SE|71|0001~ST|835|0002~BPR|I|63.99|C|ACH|CCP|01|081517693|DA|152302017594|1205296137||01|111000025|DA|488038453432|20150309~TRN|1|889735182|1205296137~REF|EV|E12705~DTM|405|20150306~N1|PR|NOVITAS SOLUTIONS, INC.~N3|PO BOX 3110~N4|MECHANICSBURG|PA|170551826~REF|2U|04412~PER|CX||TE|8552528782~N1|PE|DFW GERIATRICS PLLC|XX|1063835361~N3|2925 SKYWAY CIRCLE NORTH~N4|IRVING|TX|750383510~REF|TJ|464596718~LX|1~CLP|153-2407|19|109|63.99|16.33|MB|2815054757030|33|1~NM1|QC|1|KNIGHT|RENNIE||||HN|453423885A~NM1|82|1||||||XX|1952303547~NM1|TT|2|TX HEALTH & HUMAN SERVICES COMMI|||||PI|70051~MOA|||MA01|MA07~DTM|050|20150223~SVC|HC^99335|109|63.99||1~DTM|472|20150131~CAS|CO|45|27.37||253|1.31~CAS|PR|2|16.33~REF|LU|33~REF|6R|1379782992Z1~AMT|B6|81.63~SE|29|0002~GE|2|690~IEA|1|000000695~