ISA|00|          |00|          |ZZ|ZIRMED         |29|E12705         |150703|0746|U|00401|000001836|0|P|^~GS|HP|ZIRMED|E12705|20150703|0746|1833|X|004010X091A1~ST|835|0001~BPR|H|0|C|NON||||||||||||20150706~TRN|1|459423056|1205296137~REF|EV|E12705~DTM|405|20150702~N1|PR|NOVITAS SOLUTIONS, INC.~N3|PO BOX 3110~N4|MECHANICSBURG|PA|170551826~REF|2U|04412~PER|CX||TE|8552528782~N1|PE|TEXAS PHYS HOUSE CALLS PLLC|XX|1124441423~N3|2925 SKYWAY CIRCLE NORTH~N4|IRVING|TX|750383510~REF|TJ|464596181~LX|1~CLP|502-6239|1|3.16|0||MB|2815182368682|12|1~NM1|QC|1|ADAMS|NEECIE||||HN|449323735A~NM1|82|1||||||XX|1962447805~MOA|||MA130|MA15~DTM|050|20150701~SVC|HC^94760|3.16|0||||1~DTM|472|20150415~CAS|CO|16|3.16~REF|6R|1488254957Z2~REF|LU|12~LQ|HE|MA130~LQ|HE|N265~LQ|HE|N276~LQ|HE|N286~CLP|5450-2426|1|124|0||MB|2815160296510|11|1~NM1|QC|1|TORRES|MARTIN||||HN|102565407A~NM1|82|1||||||XX|1952728636~MOA|||MA01~DTM|050|20150609~SVC|HC^G0181|124|0||||1~DTM|472|20141231~CAS|CO|58|124~REF|6R|1469328058Z1~REF|LU|11~LQ|HE|M2~SE|41|0001~ST|835|0002~BPR|I|388.56|C|ACH|CCP|01|081517693|DA|152302017594|1205296137||01|111000025|DA|488038453322|20150706~TRN|1|890499756|1205296137~REF|EV|E12705~DTM|405|20150702~N1|PR|NOVITAS SOLUTIONS, INC.~N3|PO BOX 3110~N4|MECHANICSBURG|PA|170551826~REF|2U|04412~PER|CX||TE|8552528782~N1|PE|TEXAS PHYS HOUSE CALLS PLLC|XX|1124441423~N3|2925 SKYWAY CIRCLE NORTH~N4|IRVING|TX|750383510~REF|TJ|464596181~LX|1~CLP|2924-5992|19|47|32.72|8.35|MB|2815173587980|11|1~NM1|QC|1|DRAPER|CHARLESET||||HN|464279993A~NM1|82|1||||||XX|1962447805~NM1|TT|2|TX HEALTH & HUMAN SERVICES COMMI|||||PI|70051~MOA|||MA01|MA07~DTM|050|20150622~SVC|HC^G0179|47|32.72||1~DTM|472|20150517~CAS|CO|45|5.26||253|.67~CAS|PR|2|8.35~REF|6R|1479479854Z1~REF|LU|11~AMT|B6|41.74~CLP|2924-5993|19|124|72.6|18.52|MB|2815173587990|11|1~NM1|QC|1|DRAPER|CHARLESET||||HN|464279993A~NM1|82|1||||||XX|1952728636~NM1|TT|2|TX HEALTH & HUMAN SERVICES COMMI|||||PI|70051~MOA|||MA01|MA07~DTM|050|20150622~SVC|HC^G0181|124|72.6||1~DTM|472|20150531~CAS|CO|45|31.4||253|1.48~CAS|PR|2|18.52~REF|6R|1479479855Z1~REF|LU|11~AMT|B6|92.6~CLP|5604-4987|19|47|32.72|8.35|MB|2815173587930|11|1~NM1|QC|1|HAHN|MARK||||HN|463878042A~NM1|82|1||||||XX|1962447805~NM1|TT|2|TX HEALTH & HUMAN SERVICES COMMI|||||PI|70051~MOA|||MA01|MA07~DTM|050|20150622~SVC|HC^G0179|47|32.72||1~DTM|472|20150320~CAS|CO|45|5.26||253|.67~CAS|PR|2|8.35~REF|6R|1479435650Z1~REF|LU|11~AMT|B6|41.74~CLP|5604-5975|19|124|72.6|18.52|MB|2815173587940|11|1~NM1|QC|1|HAHN|MARK||||HN|463878042A~NM1|82|1||||||XX|1952728636~NM1|TT|2|TX HEALTH & HUMAN SERVICES COMMI|||||PI|70051~MOA|||MA01|MA07~DTM|050|20150622~SVC|HC^G0181|124|72.6||1~DTM|472|20150331~CAS|CO|45|31.4||253|1.48~CAS|PR|2|18.52~REF|6R|1479435651Z1~REF|LU|11~AMT|B6|92.6~CLP|5604-5976|19|124|72.6|18.52|MB|2815173587950|11|1~NM1|QC|1|HAHN|MARK||||HN|463878042A~NM1|82|1||||||XX|1952728636~NM1|TT|2|TX HEALTH & HUMAN SERVICES COMMI|||||PI|70051~MOA|||MA01|MA07~DTM|050|20150622~SVC|HC^G0181|124|72.6||1~DTM|472|20150430~CAS|CO|45|31.4||253|1.48~CAS|PR|2|18.52~REF|6R|1479435652Z1~REF|LU|11~AMT|B6|92.6~CLP|5667-5962|19|47|32.72|8.35|MB|2815173587960|11|1~NM1|QC|1|REED|JAMES||||HN|449418606A~NM1|82|1||||||XX|1962447805~NM1|TT|2|TX HEALTH & HUMAN SERVICES COMMI|||||PI|70051~MOA|||MA01|MA07~DTM|050|20150622~SVC|HC^G0179|47|32.72||1~DTM|472|20150510~CAS|CO|45|5.26||253|.67~CAS|PR|2|8.35~REF|6R|1479435656Z1~REF|LU|11~AMT|B6|41.74~CLP|5667-5963|19|124|72.6|18.52|MB|2815173587970|11|1~NM1|QC|1|REED|JAMES||||HN|449418606A~NM1|82|1||||||XX|1952728636~NM1|TT|2|TX HEALTH & HUMAN SERVICES COMMI|||||PI|70051~MOA|||MA01|MA07~DTM|050|20150622~SVC|HC^G0181|124|72.6||1~DTM|472|20150531~CAS|CO|45|31.4||253|1.48~CAS|PR|2|18.52~REF|6R|1479435657Z1~REF|LU|11~AMT|B6|92.6~CLP|5846-5137|22|-124|-72.6||MB|2815131602860|11|1~NM1|QC|1|BAEBEL|ELIZABETH||||HN|461159193A~NM1|82|1||||||XX|1952728636~MOA|||MA01~DTM|050|20150511~SVC|HC^G0181|-124|-72.6||1~DTM|472|20150430~CAS|CO|45|-31.4||253|-1.48~CAS|PR|2|-18.52~REF|6R|1445440607Z1~REF|LU|11~AMT|B6|-92.6~CLP|5846-5137|1|124|0||MB|5815147701830|11|1~NM1|QC|1|BAEBEL|ELIZABETH||||HN|461159193A~NM1|82|1||||||XX|1952728636~MOA|||MA67~REF|F8|452815131602860~DTM|050|20150527~SVC|HC^G0181|124|0||||1~DTM|472|20150430~CAS|CO|58|124~REF|6R|1445440607Z1~REF|LU|11~LQ|HE|M2~PLB|1124441423|20151231|FB^5815147701830      5846-5137|-72.6~SE|132|0002~GE|2|1833~IEA|1|000001836~