ISA|00|          |00|          |ZZ|ZIRMED         |29|E12705         |151105|0459|U|00401|000001515|0|P|^~GS|HP|ZIRMED|E12705|20151105|0459|1510|X|004010X091A1~ST|835|0001~BPR|H|0|C|NON||||||||||||20151105~TRN|1|459988344|1205296137~REF|EV|E12705~DTM|405|20151104~N1|PR|NOVITAS SOLUTIONS, INC.~N3|PO BOX 3110~N4|MECHANICSBURG|PA|170551826~REF|2U|04412~PER|CX||TE|8552528782~N1|PE|DFW GERIATRICS PLLC|XX|1063835361~N3|2925 SKYWAY CIRCLE NORTH~N4|IRVING|TX|750383510~REF|TJ|464596718~LX|1~CLP|417-2909|1|362|0||MB|2815307660082|11|1~NM1|QC|1|MACDONALD|JOHN||||HN|461941697A~NM1|82|1||||||XX|1962447805~MOA|||MA130|MA15~DTM|050|20151103~SVC|HC^95923|252|0||||1~DTM|472|20150515~CAS|CO|16|252~REF|6R|1595346198Z2~REF|LU|11~LQ|HE|MA130~LQ|HE|N265~LQ|HE|N276~LQ|HE|N286~SVC|HC^95921|110|0||||1~DTM|472|20150515~CAS|CO|16|110~REF|6R|1595346198Z3~REF|LU|11~LQ|HE|MA130~LQ|HE|N265~LQ|HE|N276~LQ|HE|N286~SE|39|0001~ST|835|0002~BPR|I|288.95|C|ACH|CCP|01|081517693|DA|152302017594|1205296137||01|111000025|DA|488038453432|20151105~TRN|1|891540017|1205296137~REF|EV|E12705~DTM|405|20151104~N1|PR|NOVITAS SOLUTIONS, INC.~N3|PO BOX 3110~N4|MECHANICSBURG|PA|170551826~REF|2U|04412~PER|CX||TE|8552528782~N1|PE|DFW GERIATRICS PLLC|XX|1063835361~N3|2925 SKYWAY CIRCLE NORTH~N4|IRVING|TX|750383510~REF|TJ|464596718~LX|1~CLP|319-3909|1|213|144.45|25.68|MB|2915274475780|11|1~NM1|QC|1|CORTEZ|EDWARD||||HN|449473304A~NM1|82|1||||||XX|1962447805~MOA|||MA01|MA15~DTM|050|20151001~AMT|I|.05~SVC|HC^99214^25|130|81.56||1~DTM|472|20150925~CAS|CO|45|25.98||253|1.66~CAS|PR|2|20.8~REF|6R|1567839985Z1~REF|LU|11~AMT|B6|104.02~SVC|HC^90654|23|18.54||1~DTM|472|20150925~CAS|CO|45|4.08||253|.38~REF|6R|1567839985Z2~REF|LU|11~AMT|B6|18.92~SVC|HC^G0008|31|25.2||1~DTM|472|20150925~CAS|CO|45|5.29||253|.51~REF|6R|1567839985Z3~REF|LU|11~AMT|B6|25.71~SVC|HC^96372|29|19.15||1~DTM|472|20150925~CAS|CO|45|4.58||253|.39~CAS|PR|2|4.88~REF|6R|1567839985Z4~REF|LU|11~AMT|B6|24.42~CLP|403-3933|1|217|144.45|25.68|MB|2815279143590|11|1~NM1|QC|1|GOFF|YOLANDA||||HN|559256714A~NM1|82|1||||||XX|1962447805~MOA|||MA01~DTM|050|20151006~SVC|HC^99214^25|130|81.56||1~DTM|472|20151002~CAS|CO|45|25.98||253|1.66~CAS|PR|2|20.8~REF|6R|1570948349Z1~REF|LU|11~AMT|B6|104.02~SVC|HC^G0008|31|25.2||1~DTM|472|20151002~CAS|CO|45|5.29||253|.51~REF|6R|1570948349Z2~REF|LU|11~AMT|B6|25.71~SVC|HC^90654|23|18.54||1~DTM|472|20151002~CAS|CO|45|4.08||253|.38~REF|6R|1570948349Z3~REF|LU|11~AMT|B6|18.92~SVC|HC^96372|29|19.15||1~DTM|472|20151002~CAS|CO|45|4.58||253|.39~CAS|PR|2|4.88~REF|6R|1570948349Z4~REF|LU|11~AMT|B6|24.42~SVC|HC^94760|4|0||||1~DTM|472|20151002~CAS|CO|97|4~REF|6R|1570948349Z5~REF|LU|11~LQ|HE|M80~PLB|1063835361|20151231|L6|-0.05~SE|86|0002~GE|2|1510~IEA|1|000001515~