ISA|00|          |00|          |ZZ|ZIRMED         |ZZ|PAYER          |150915|0954|U|00401|000001359|0|P|^~GS|HP|ZIRMED|PROVIDERHIS|20150915|0954|1354|X|004010X091A1~ST|835|0001~BPR|I|517.09|C|ACH|CCP|01|071000505|DA|5800366444|1742770542||01|111000025|DA|488038453432|20150915~TRN|1|0901514639|1742770542~REF|EV|999999999999999~DTM|405|20150915~N1|PR|SUPERIOR HEALTH PLAN~N3|6070 GATEWAY EAST|SUITE 400~N4|EL PASO|TX|79905~N1|PE|DFW GERIATRICS PLLC|XX|1063835361~N3|2925 SKWY CIR N~N4|IRVING|TX|75038~REF|TJ|464596718~LX|1~CLP|6048-3798|1|964.46|414.29||HM|O254TXE40725|11|E~NM1|QC|1|MARTIN|GERTRUDE||||MR|504273668~NM1|IL|1|MARTIN|GERTRUDE||||MI|00187200401~NM1|82|1|KETHA|SUMANA||||XX|1962447805~REF|EA|000000032608~REF|G2|168813~SVC|HC^96120^25|46.18|0||1~DTM|472|20150902~CAS|CO|197|46.18~REF|6R|1551109091Z1~REF|HPI|1962447805~SVC|HC^95957|305.27|0||1~DTM|472|20150902~CAS|CO|6|305.27~REF|6R|1551109091Z2~REF|HPI|1962447805~LQ|HE|N129~SVC|HC^95816|346.27|297.56||1~DTM|472|20150902~CAS|CO|45|48.71~REF|6R|1551109091Z3~REF|HPI|1962447805~AMT|B6|297.56~SVC|HC^95930|123.94|106.15||1~DTM|472|20150902~CAS|CO|45|17.79~REF|6R|1551109091Z4~REF|HPI|1962447805~AMT|B6|106.15~SVC|HC^92585|130.57|0||1~DTM|472|20150902~CAS|CO|119|130.57~REF|6R|1551109091Z5~REF|HPI|1962447805~AMT|B6|112.02~LQ|HE|N587~SVC|HC^99090|0|0||1~DTM|472|20150902~REF|6R|1551109091Z6~REF|HPI|1962447805~SVC|HC^93040|12.23|10.58||1~DTM|472|20150902~CAS|CO|45|1.65~REF|6R|1551109091Z7~REF|HPI|1962447805~AMT|B6|10.58~LX|2~CLP|6046-3819|1|130|51.4||HM|O254TXE40693|11|E~NM1|QC|1|CHAVEZ|CATHERINE||||MR|506194931~NM1|IL|1|CHAVEZ|CATHERINE||||MI|00251050401~NM1|82|1|KETHA|SUMANA||||XX|1962447805~REF|EA|000000032606~REF|G2|168813~SVC|HC^99214|130|51.4||1~DTM|472|20150904~CAS|CO|45|78.6~REF|6R|1550855124Z1~REF|HPI|1962447805~AMT|B6|51.4~LX|3~CLP|6122-3813|1|130|51.4||HM|O254TXE40710|11|E~NM1|QC|1|HATLEY|ELONDRA||||MR|507140298~NM1|IL|1|HATLEY|ELONDRA||||MI|00255307701~NM1|82|1|KETHA|SUMANA||||XX|1962447805~REF|EA|000000032607~REF|G2|168813~SVC|HC^99214|130|51.4||1~DTM|472|20150619~CAS|CO|45|78.6~REF|6R|1550988019Z1~REF|HPI|1962447805~AMT|B6|51.4~SE|86|0001~GE|1|1354~IEA|1|000001359~