ISA|00|          |00|          |ZZ|ZIRMED         |ZZ|AV09311993     |151125|1201|}|00501|000001592|0|P|^~GS|HP|ZIRMED|AV01101957|20151125|1201|1587|X|005010X221A1~ST|835|0001~BPR|I|134.28|C|CHK||||||||||||20151124~TRN|1|001942541|1610647538~REF|EV|030240928~DTM|405|20151124~N1|PR|HUMANA INC.|XV|610647538~N3|P.O. BOX 14601~N4|LEXINGTON|KY|405124601~PER|BL~N1|PE|DFW GERIATRICS PLLC|XX|1063835361~N3|2925 SKYWAY CIR N~N4|IRVING|TX|750383510~REF|PQ|338034~REF|TJ|464596718~LX|1~TS3|1962447805|11|20151231|1|157~CLP|312-4270|1|157|134.28||16|161277010|11|1~NM1|QC|1|MITCHELL|REBECCA||||MI|H68081382~NM1|74|1|MITCHELL|REBECCA||||C|H68081382~NM1|82|1|KETHA|SUMANA||||XX|1962447805~REF|1L|0Q321419~REF|CE|MEDICARE ADVANTAGE HMO~DTM|232|20151110~DTM|233|20151110~DTM|050|20151119~PER|CX|MDX HMO|TE|5622563821~SVC|HC^G0439|135|116.19||1~DTM|472|20151110~CAS|CO|253|2.37||45|16.44~REF|6R|1610415492Z1~AMT|B6|118.56~SVC|HC^G0444|22|18.09||1~DTM|472|20151110~CAS|CO|253|.37||45|3.54~REF|6R|1610415492Z2~AMT|B6|18.46~SVC|HC^G0442|0|0||1~DTM|472|20151110~REF|6R|1610415492Z3~SE|40|0001~GE|1|1587~IEA|1|000001592~