ISA|00|          |00|          |ZZ|ZIRMED         |ZZ|611358935      |150619|2053|U|00401|000001062|0|P|^~GS|HP|ZIRMED|611358935|20150619|2053|1057|X|004010X091A1~ST|835|0001~BPR|I|58.23|C|CHK||||||||||||20150618~TRN|1|728433607|1591031071|62308~REF|EV|133052274~REF|F2|GWFC~DTM|405|20150618~N1|PR|GREATWESTHEALTHCARE-CIGNA~N3|8505 E. ORCHARD RD~N4|GREENWOOD VILLAGE|CO|80111~REF|2U|62308~PER|CX|GWHCEDIPROD|EM|EDIESCALATEDREQUESTS@CIGNA.COM|TE|8008103388~N1|PE|SUMANA D. KETHA|XX|1063835361~N3|2925 SKYWAY CIR N|STE B~N4|IRVING|TX|750383510~REF|PQ|200014846074~REF|TJ|464596718~LX|1~TS3|1063835361|11|20151231|1|88~CLP|5063-3018|1|88|58.23|20|13|150571981900|11~NM1|QC|1|GURRAM|ASHWINI||||MI|1022547991~NM1|IL|1|GURRAM|ASHWINI||||MI|1022547990~NM1|82|1|KETHA|SUMANA||||XX|1962447805~REF|1L|00612937~REF|CE|OPEN ACCESS PLUS~DTM|050|20150617~AMT|AU|78.23~SVC|HC^99213|88|58.23||1~DTM|472|20150522~CAS|CO|45|9.77~CAS|PR|3|20~REF|6R|1475882933Z1~AMT|B6|78.23~SE|33|0001~GE|1|1057~IEA|1|000001062~