ISA|00|          |00|          |ZZ|ZIRMED         |29|E12705         |150212|1348|U|00401|000000591|0|P|^~GS|HP|ZIRMED|E12705|20150212|1348|586|X|004010X091A1~ST|835|0001~BPR|H|0|C|NON||||||||||||20150211~TRN|1|458700927|1205296137~REF|EV|E12705~DTM|405|20150210~N1|PR|NOVITAS SOLUTIONS, INC.~N3|PO BOX 3110~N4|MECHANICSBURG|PA|170551826~REF|2U|04412~PER|CX||TE|8552528782~N1|PE|DFW GERIATRICS PLLC|XX|1063835361~N3|2925 SKYWAY CIRCLE NORTH~N4|IRVING|TX|750383510~REF|TJ|464596718~LX|1~CLP|270-1332|1|51|0||MB|2915040217440|31|1~NM1|QC|1|AMEZCUA|MARTHA||||HN|353488101D~NM1|82|1||||||XX|1962447805~MOA|||MA01~DTM|050|20150209~SVC|HC^99307|51|0||||1~DTM|472|20141007~CAS|OA|18|51~REF|LU|31~REF|6R|1368549824Z1~LQ|HE|N522~CLP|16-1051|1|104|0||MB|2915040217700|32|1~NM1|QC|1|BURCHETT|JAMES||||HN|456441264A~NM1|82|1||||||XX|1962447805~MOA|||MA01~DTM|050|20150209~SVC|HC^99309|104|0||||1~DTM|472|20140811~CAS|OA|18|104~REF|LU|32~REF|6R|1368598148Z1~LQ|HE|N522~CLP|339-1814|4|123|0||MB|2915040217730|21|1~NM1|QC|1|PATRICIA|CRUAZMART||||HN|454367056C2~NM1|82|1||||||XX|1962447805~MOA|||MA130|MA61~DTM|050|20150209~SVC|HC^99239|123|0||||1~DTM|472|20140819~CAS|CO|140|123~REF|LU|21~REF|6R|1368598151Z1~LQ|HE|MA130~LQ|HE|MA61~CLP|356-2122|4|104|0||MB|2915040217150|32|1~NM1|QC|1|ALICE|DIXON||||HN|460600849A~NM1|82|1||||||XX|1962447805~MOA|||MA130|MA61~DTM|050|20150209~SVC|HC^99309|104|0||||1~DTM|472|20150121~CAS|CO|140|104~REF|LU|32~REF|6R|1368537949Z1~LQ|HE|MA130~LQ|HE|MA61~CLP|286-2207|4|104|0||MB|2915040217750|32|1~NM1|QC|1|TOMMY|GERMANY|L|||HN|456642617M~NM1|82|1||||||XX|1962447805~MOA|||MA130|MA61~DTM|050|20150209~SVC|HC^99309|104|0||||1~DTM|472|20140808~CAS|CO|140|104~REF|LU|32~REF|6R|1368598153Z1~LQ|HE|MA130~LQ|HE|MA61~CLP|285-1325|1|193|0||MB|2915040217400|31|1~NM1|QC|1|MCVAY|J D||||HN|466203847A~NM1|82|1||||||XX|1962447805~MOA|||MA01~DTM|050|20150209~SVC|HC^99306|193|0||||1~DTM|472|20141002~CAS|OA|18|193~REF|LU|31~REF|6R|1368549820Z1~LQ|HE|N522~CLP|228-1326|1|104|0||MB|2915040217420|31|1~NM1|QC|1|MORA|GLEN||||HN|461400603A~NM1|82|1||||||XX|1962447805~MOA|||MA01~DTM|050|20150209~SVC|HC^99309|104|0||||1~DTM|472|20141002~CAS|OA|18|104~REF|LU|31~REF|6R|1368549822Z1~LQ|HE|N522~CLP|228-1327|1|104|0||MB|2915040217430|31|1~NM1|QC|1|MORA|GLEN||||HN|461400603A~NM1|82|1||||||XX|1962447805~MOA|||MA01~DTM|050|20150209~SVC|HC^99309|104|0||||1~DTM|472|20141007~CAS|OA|18|104~REF|LU|31~REF|6R|1368549823Z1~LQ|HE|N522~CLP|289-1373|1|104|0|104|MB|2815033887880|31|1~NM1|QC|1|PORCHE|MARGARET||||HN|281421765T~NM1|82|1||||||XX|1962447805~MOA|||MA01~DTM|050|20150202~SVC|HC^99309|104|0||||1~DTM|472|20141113~CAS|PR|26|104~REF|LU|31~REF|6R|1360859823Z1~CLP|288-2140|4|104|0||MB|2915040217290|32|1~NM1|QC|1|RANDALL|GLORIA|J|||HN|512078212A~NM1|82|1||||||XX|1962447805~MOA|||MA130|MA61~DTM|050|20150209~SVC|HC^99309|104|0||||1~DTM|472|20141230~CAS|CO|140|104~REF|LU|32~REF|6R|1368545502Z1~LQ|HE|MA130~LQ|HE|MA61~CLP|359-2129|4|104|0||MB|2915040217200|31|1~NM1|QC|1|LESLIE|STROUD||||HN|572448337A~NM1|82|1||||||XX|1962447805~MOA|||MA130|MA61~DTM|050|20150209~SVC|HC^99309|104|0||||1~DTM|472|20150115~CAS|CO|140|104~REF|LU|31~REF|6R|1368537955Z1~LQ|HE|MA130~LQ|HE|MA61~CLP|277-2151|4|193|0||MB|2915040217450|31|1~NM1|QC|1|IDALIAH|TURNEY||||HN|434307148A~NM1|82|1||||||XX|1962447805~MOA|||MA130|MA61~DTM|050|20150209~SVC|HC^99306|193|0||||1~DTM|472|20141007~CAS|CO|140|193~REF|LU|31~REF|6R|1368549825Z1~LQ|HE|MA130~LQ|HE|MA61~CLP|227-2208|1|104|0|104|MB|2915040217760|32|1~NM1|QC|1|WILLIE|WILSON|S|||HN|452926535A~NM1|82|1||||||XX|1962447805~MOA|||MA01~DTM|050|20150209~SVC|HC^99309|104|0||||1~DTM|472|20140811~CAS|PR|26|104~REF|LU|32~REF|6R|1368598154Z1~SE|163|0001~ST|835|0002~BPR|H|0|C|NON||||||||||||20150210~TRN|1|458692006|1205296137~REF|EV|E12705~DTM|405|20150209~N1|PR|NOVITAS SOLUTIONS, INC.~N3|PO BOX 3110~N4|MECHANICSBURG|PA|170551826~REF|2U|04412~PER|CX||TE|8552528782~N1|PE|DFW GERIATRICS PLLC|XX|1063835361~N3|2925 SKYWAY CIRCLE NORTH~N4|IRVING|TX|750383510~REF|TJ|464596718~LX|1~CLP|285-1432|4|51|0||MB|2815034756390|31|1~NM1|QC|1|MCVAY|J D||||HN|466203547A~NM1|82|1||||||XX|1962447805~MOA|||MA130|MA61~DTM|050|20150203~SVC|HC^99307|51|0||||1~DTM|472|20141016~CAS|CO|140|51~REF|LU|31~REF|6R|1363502638Z1~LQ|HE|MA130~LQ|HE|MA61~CLP|285-1437|4|79|0||MB|2815034756410|31|1~NM1|QC|1|MCVAY|J D||||HN|466203547A~NM1|82|1||||||XX|1962447805~MOA|||MA130|MA61~DTM|050|20150203~SVC|HC^99308|79|0||||1~DTM|472|20141009~CAS|CO|140|79~REF|LU|31~REF|6R|1363502752Z1~LQ|HE|MA130~LQ|HE|MA61~SE|40|0002~ST|835|0003~BPR|I|333.55|C|ACH|CCP|01|081517693|DA|152302017594|1205296137||01|111000025|DA|488038453432|20150210~TRN|1|889568042|1205296137~REF|EV|E12705~DTM|405|20150209~N1|PR|NOVITAS SOLUTIONS, INC.~N3|PO BOX 3110~N4|MECHANICSBURG|PA|170551826~REF|2U|04412~PER|CX||TE|8552528782~N1|PE|DFW GERIATRICS PLLC|XX|1063835361~N3|2925 SKYWAY CIRCLE NORTH~N4|IRVING|TX|750383510~REF|TJ|464596718~LX|1~CLP|205-256|19|104|61.06|15.58|MB|2815027318610|31|1~NM1|QC|1|MOODY|PATRICIA||||HN|451666921A~NM1|82|1||||||XX|1952303547~NM1|TT|2|TX HEALTH & HUMAN SERVICES COMMI|||||PI|70051~MOA|||MA01|MA07~DTM|050|20150127~SVC|HC^99309|104|61.06||1~DTM|472|20140624~CAS|CO|45|26.11||253|1.25~CAS|PR|2|15.58~REF|LU|31~REF|6R|1355802176Z1~AMT|B6|77.89~CLP|205-1059|19|104|68.25|17.41|MB|2815027318620|31|1~NM1|QC|1|MOODY|PATRICIA||||HN|451666921A~NM1|82|1||||||XX|1962447805~NM1|TT|2|TX HEALTH & HUMAN SERVICES COMMI|||||PI|70051~MOA|||MA01|MA07~DTM|050|20150127~SVC|HC^99309|104|68.25||1~DTM|472|20140618~CAS|CO|45|16.95||253|1.39~CAS|PR|2|17.41~REF|LU|31~REF|6R|1355802179Z1~AMT|B6|87.05~CLP|205-1058|19|193|126.15|32.18|MB|2815027318630|31|1~NM1|QC|1|MOODY|PATRICIA||||HN|451666921A~NM1|82|1||||||XX|1962447805~NM1|TT|2|TX HEALTH & HUMAN SERVICES COMMI|||||PI|70051~MOA|||MA01|MA07~DTM|050|20150127~SVC|HC^99306|193|126.15||1~DTM|472|20140610~CAS|CO|45|32.1||253|2.57~CAS|PR|2|32.18~REF|LU|31~REF|6R|1355802183Z1~AMT|B6|160.9~CLP|277-1189|1|120|78.09|19.92|MB|2815027318590|21|1~NM1|QC|1|TURNEY|IDALIAH|J|||HN|434307148A~NM1|82|1||||||XX|1962447805~MOA|||MA01~DTM|050|20150127~SVC|HC^99233|120|78.09||1~DTM|472|20141015~CAS|CO|45|20.4||253|1.59~CAS|PR|2|19.92~REF|LU|21~REF|6R|1355801894Z1~AMT|B6|99.6~SE|67|0003~ST|835|0004~BPR|H|0|C|NON||||||||||||20150212~TRN|1|458709498|1205296137~REF|EV|E12705~DTM|405|20150211~N1|PR|NOVITAS SOLUTIONS, INC.~N3|PO BOX 3110~N4|MECHANICSBURG|PA|170551826~REF|2U|04412~PER|CX||TE|8552528782~N1|PE|DFW GERIATRICS PLLC|XX|1063835361~N3|2925 SKYWAY CIRCLE NORTH~N4|IRVING|TX|750383510~REF|TJ|464596718~LX|1~CLP|355-1998|4|104|0||MB|2815041738430|32|1~NM1|QC|1|SHERRON|BAILY||||HN|455882871A~NM1|82|1||||||XX|1962447805~MOA|||MA130|MA61~DTM|050|20150210~SVC|HC^99309|104|0||||1~DTM|472|20140929~CAS|CO|140|104~REF|LU|32~REF|6R|1369957137Z1~LQ|HE|MA130~LQ|HE|MA61~CLP|190-884|1|193|0||MB|2815041738180|31|1~NM1|QC|1|HAWLEY|GARY|W|||HN|528029327A~NM1|82|1||||||XX|1962447805~MOA|||MA01~DTM|050|20150210~SVC|HC^99306|193|0||||1~DTM|472|20141007~CAS|OA|18|193~REF|LU|31~REF|6R|1369941696Z1~LQ|HE|N522~CLP|220-1047|1|104|0|104|MB|2815041738580|31|1~NM1|QC|1|HOLCOMB|MICKEY|S|||HN|452969456M~NM1|82|1||||||XX|1962447805~MOA|||MA01~DTM|050|20150210~SVC|HC^99309|104|0||||1~DTM|472|20140624~CAS|PR|26|104~REF|LU|31~REF|6R|1369989602Z1~CLP|273-1210|1|104|0||MB|2815041738070|31|1~NM1|QC|1|JONES|NORMAN|K|||HN|720074281A~NM1|82|1||||||XX|1952303547~MOA|||MA01~DTM|050|20150210~SVC|HC^99309|104|0||||1~DTM|472|20141103~CAS|OA|18|104~REF|LU|31~REF|6R|1369914183Z1~LQ|HE|N522~CLP|273-1391|1|104|0||MB|2815041738090|31|1~NM1|QC|1|JONES|NORMAN|K|||HN|720074281A~NM1|82|1||||||XX|1962447805~MOA|||MA01~DTM|050|20150210~SVC|HC^99309|104|0||||1~DTM|472|20141113~CAS|OA|18|104~REF|LU|31~REF|6R|1369914185Z1~LQ|HE|N522~CLP|285-1294|1|193|0||MB|2815041738220|31|1~NM1|QC|1|MCVAY|J D||||HN|466203847A~NM1|82|1||||||XX|1962447805~MOA|||MA01~DTM|050|20150210~SVC|HC^99306|193|0||||1~DTM|472|20141007~CAS|OA|18|193~REF|LU|31~REF|6R|1369941701Z1~LQ|HE|N522~CLP|214-195|1|104|0||MB|2815041738450|31|1~NM1|QC|1|MILLER|WILLIAM|C|||HN|458344463A~NM1|82|1||||||XX|1962447805~MOA|||MA01~DTM|050|20150210~SVC|HC^99309|104|0||||1~DTM|472|20140825~CAS|OA|18|104~REF|LU|31~REF|6R|1369976977Z1~LQ|HE|N522~CLP|231-1130|1|79|0||MB|2815041738190|31|1~NM1|QC|1|NGUYEN|BEIN|D|||HN|638323190A~NM1|82|1||||||XX|1962447805~MOA|||MA01~DTM|050|20150210~SVC|HC^99308|79|0||||1~DTM|472|20141007~CAS|OA|18|79~REF|LU|31~REF|6R|1369941698Z1~LQ|HE|N522~CLP|346-1949|4|104|0||MB|2815041738380|32|1~NM1|QC|1|LUIS|SALDANA||||HN|465977738A~NM1|82|1||||||XX|1962447805~MOA|||MA130|MA61~DTM|050|20150210~SVC|HC^99309|104|0||||1~DTM|472|20140922~CAS|CO|140|104~REF|LU|32~REF|6R|1369957131Z1~LQ|HE|MA130~LQ|HE|MA61~CLP|346-1973|4|104|0||MB|2815041738500|32|1~NM1|QC|1|LUIS|SALDANA||||HN|465977738A~NM1|82|1||||||XX|1962447805~MOA|||MA130|MA61~DTM|050|20150210~SVC|HC^99309|104|0||||1~DTM|472|20140811~CAS|CO|140|104~REF|LU|32~REF|6R|1369976983Z1~LQ|HE|MA130~LQ|HE|MA61~CLP|227-1589|1|193|0|193|MB|2815041738560|32|1~NM1|QC|1|WILLIE|WILSON|S|||HN|452926535A~NM1|82|1||||||XX|1962447805~MOA|||MA01~DTM|050|20150210~SVC|HC^99306|193|0||||1~DTM|472|20140702~CAS|PR|26|193~REF|LU|32~REF|6R|1369986206Z1~SE|138|0004~GE|4|586~IEA|1|000000591~