ISA|00|          |00|          |ZZ|ZIRMED         |29|E12705         |150703|0745|U|00401|000001109|0|P|^~GS|HP|ZIRMED|E12705|20150703|0745|1104|X|004010X091A1~ST|835|0001~BPR|H|0|C|NON||||||||||||20150706~TRN|1|459423055|1205296137~REF|EV|E12705~DTM|405|20150702~N1|PR|NOVITAS SOLUTIONS, INC.~N3|PO BOX 3110~N4|MECHANICSBURG|PA|170551826~REF|2U|04412~PER|CX||TE|8552528782~N1|PE|DFW GERIATRICS PLLC|XX|1063835361~N3|2925 SKYWAY CIRCLE NORTH~N4|IRVING|TX|750383510~REF|TJ|464596718~LX|1~CLP|304-2829|1|134|0||MB|2815180470550|11|1~NM1|QC|1|CEPEDA|MARGIE||||HN|429762401A~NM1|82|1||||||XX|1962447805~MOA|||MA01~DTM|050|20150629~SVC|HC^99214^25|130|0||||1~DTM|472|20150417~CAS|OA|18|130~REF|6R|1485803841Z1~REF|LU|11~LQ|HE|N522~SVC|HC^94760|4|0||||1~DTM|472|20150417~CAS|CO|97|4~REF|6R|1485803841Z2~REF|LU|11~LQ|HE|M80~CLP|313-2830|1|134|0||MB|2815180470560|11|1~NM1|QC|1|FRICK|TERRY||||HN|467375415A~NM1|82|1||||||XX|1962447805~MOA|||MA01~DTM|050|20150629~SVC|HC^99214^25|130|0||||1~DTM|472|20150417~CAS|OA|18|130~REF|6R|1485848453Z1~REF|LU|11~LQ|HE|N522~SVC|HC^94760|4|0||||1~DTM|472|20150417~CAS|CO|97|4~REF|6R|1485848453Z2~REF|LU|11~LQ|HE|M80~CLP|311-2731|1|178|0||MB|2815180470600|11|1~NM1|QC|1|HOLLAND|LEE||||HN|451767936A~NM1|82|1||||||XX|1679978068~MOA|||MA01~DTM|050|20150629~SVC|HC^99215^25|174|0||||1~DTM|472|20150408~CAS|OA|18|174~REF|6R|1485854207Z1~REF|LU|11~LQ|HE|N522~SVC|HC^94760|4|0||||1~DTM|472|20150408~CAS|CO|97|4~REF|6R|1485854207Z2~REF|LU|11~LQ|HE|M80~CLP|315-2836|1|134|0||MB|2815180470570|11|1~NM1|QC|1|PATTILLO|CATHY||||HN|458297430A~NM1|82|1||||||XX|1962447805~MOA|||MA01~DTM|050|20150629~SVC|HC^99214^25|130|0||||1~DTM|472|20150417~CAS|OA|18|130~REF|6R|1485849237Z1~REF|LU|11~LQ|HE|N522~SVC|HC^94760|4|0||||1~DTM|472|20150417~CAS|CO|97|4~REF|6R|1485849237Z2~REF|LU|11~LQ|HE|M80~CLP|310-2834|1|178|0||MB|2815180470580|11|1~NM1|QC|1|REED|LATOSHA||||HN|454497150A~NM1|82|1||||||XX|1962447805~MOA|||MA01~DTM|050|20150629~SVC|HC^99215^25|174|0||||1~DTM|472|20150417~CAS|OA|18|174~REF|6R|1485853915Z1~REF|LU|11~LQ|HE|N522~SVC|HC^94760|4|0||||1~DTM|472|20150417~CAS|CO|50|4~REF|6R|1485853915Z2~REF|LU|11~LQ|HE|M25~LQ|HE|N115~CLP|6063-3430|1|252|0||MB|2915182010692|11|1~NM1|QC|1|RODRIGUEZ|SALOME||||HN|449814589A~NM1|82|1||||||XX|1962447805~MOA|||MA130|MA15~DTM|050|20150701~SVC|HC^95923^25|252|0||||1~DTM|472|20150620~CAS|CO|4|252~REF|6R|1488605595Z1~REF|LU|11~LQ|HE|MA130~CLP|346-1973|1|104|0||MB|2815180470310|32|1~NM1|QC|1|SALDANA|LUIS||||HN|465977738A~NM1|82|1||||||XX|1962447805~MOA|||MA01~DTM|050|20150629~SVC|HC^99309|104|0||||1~DTM|472|20140811~CAS|CO|151|104~REF|6R|1485738579Z1~REF|LU|32~LQ|HE|MA01~CLP|6064-3431|1|252|0||MB|2915182010702|11|1~NM1|QC|1|SMITH|LAURA||||HN|454949842M~NM1|82|1||||||XX|1962447805~MOA|||MA130|MA15~DTM|050|20150701~SVC|HC^95923^25|252|0||||1~DTM|472|20150620~CAS|CO|4|252~REF|6R|1488605596Z1~REF|LU|11~LQ|HE|MA130~CLP|3457-2826|1|134|0||MB|2815180470590|11|1~NM1|QC|1|STEVENSON|RANDY||||HN|457845417C2~NM1|82|1||||||XX|1962447805~MOA|||MA01~DTM|050|20150629~SVC|HC^99214^25|130|0||||1~DTM|472|20150413~CAS|OA|18|130~REF|6R|1485854045Z1~REF|LU|11~LQ|HE|N522~SVC|HC^94760|4|0||||1~DTM|472|20150413~CAS|CO|97|4~REF|6R|1485854045Z2~REF|LU|11~LQ|HE|M80~CLP|277-2151|1|193|0||MB|2815180470270|31|1~NM1|QC|1|TURNEY|IDALIAH||||HN|434307148A~NM1|82|1||||||XX|1962447805~MOA|||MA01~DTM|050|20150629~SVC|HC^99306|193|0||||1~DTM|472|20141007~CAS|CO|151|193~REF|6R|1485731297Z1~REF|LU|31~LQ|HE|MA01~CLP|309-2726|1|165|0||MB|2815180470610|11|1~NM1|QC|1|VANDERPOOL|ADRIAN||||HN|466297262A~NM1|82|1||||||XX|1679978068~MOA|||MA01~DTM|050|20150629~SVC|HC^99214^25|130|0||||1~DTM|472|20150401~CAS|OA|18|130~REF|6R|1485854410Z1~REF|LU|11~LQ|HE|N522~SVC|HC^99407|31|0||||1~DTM|472|20150401~CAS|OA|18|31~REF|6R|1485854410Z2~REF|LU|11~LQ|HE|N522~SVC|HC^94760|4|0||||1~DTM|472|20150401~CAS|CO|97|4~REF|6R|1485854410Z3~REF|LU|11~LQ|HE|M80~CLP|6065-3432|1|252|0||MB|2915182010712|11|1~NM1|QC|1|WILLIAMS|EDNA|F|||HN|457029048A~NM1|82|1||||||XX|1962447805~MOA|||MA130|MA15~DTM|050|20150701~SVC|HC^95923^25|252|0||||1~DTM|472|20150620~CAS|CO|4|252~REF|6R|1488605597Z1~REF|LU|11~LQ|HE|MA130~CLP|422-3443|1|123.94|0||MB|2915182010762|11|1~NM1|QC|1|WILSON|VIVIAN||||HN|463196861A~NM1|82|1||||||XX|1962447805~MOA|||MA130|MA15~DTM|050|20150701~SVC|HC^95930^25|123.94|0||||1~DTM|472|20150619~CAS|CO|4|123.94~REF|6R|1488605606Z1~REF|LU|11~LQ|HE|MA130~SE|208|0001~ST|835|0002~BPR|I|80.83|C|ACH|CCP|01|081517693|DA|152302017594|1205296137||01|111000025|DA|488038453432|20150706~TRN|1|890499755|1205296137~REF|EV|E12705~DTM|405|20150702~N1|PR|NOVITAS SOLUTIONS, INC.~N3|PO BOX 3110~N4|MECHANICSBURG|PA|170551826~REF|2U|04412~PER|CX||TE|8552528782~N1|PE|DFW GERIATRICS PLLC|XX|1063835361~N3|2925 SKYWAY CIRCLE NORTH~N4|IRVING|TX|750383510~REF|TJ|464596718~LX|1~CLP|6052-3032|19|130|80.83|20.62|MB|2815173584580|11|1~NM1|QC|1|BUTNER|JOANN||||HN|457565807A~NM1|82|1||||||XX|1962447805~NM1|TT|2|HCSC-BCBS OF TX-FEP B ONLY|||||PI|80012~MOA|||MA01|MA18~DTM|050|20150622~SVC|HC^99214|130|80.83||1~DTM|472|20141229~CAS|CO|45|26.9||253|1.65~CAS|PR|2|20.62~REF|6R|1479741582Z1~REF|LU|11~AMT|B6|103.1~SE|29|0002~GE|2|1104~IEA|1|000001109~