ISA|00|          |00|          |ZZ|ZIRMED         |29|E12705         |151126|1106|U|00401|000002568|0|P|^~GS|HP|ZIRMED|E12705|20151126|1106|2565|X|004010X091A1~ST|835|0001~BPR|I|2887.5|C|ACH|CCP|01|081517693|DA|152302017594|1205296137||01|111000025|DA|488038453322|20151127~TRN|1|891775913|1205296137~REF|EV|E12705~DTM|405|20151125~N1|PR|NOVITAS SOLUTIONS, INC.~N3|PO BOX 3110~N4|MECHANICSBURG|PA|170551826~REF|2U|04412~PER|CX||TE|8552528782~N1|PE|TEXAS PHYS HOUSE CALLS PLLC|XX|1124441423~N3|2925 SKYWAY CIRCLE NORTH~N4|IRVING|TX|750383510~REF|TJ|464596181~LX|1~CLP|502-8838|19|204|140.98|35.97|MB|3915316186160|12|1~NM1|QC|1|ADAMS|NEECIE||||HN|449323735A~NM1|82|1||||||XX|1962447805~NM1|TT|2|UNITEDHEALTH GROUP|||||PI|30002~MOA|||MA01|MA15|MA18~DTM|050|20151112~SVC|HC^99350^25|204|140.98||1~DTM|472|20150728~CAS|CO|45|24.17||253|2.88~CAS|PR|2|35.97~REF|6R|1604956475Z1~REF|LU|12~AMT|B6|179.83~CLP|5021-8863|1|47|32.72|8.35|MB|2915317439580|11|1~NM1|QC|1|BRADLEY|ERIC||||HN|425683488C1~NM1|82|1||||||XX|1962447805~MOA|||MA01~DTM|050|20151113~SVC|HC^G0179|47|32.72||1~DTM|472|20150425~CAS|CO|45|5.26||253|.67~CAS|PR|2|8.35~REF|6R|1606053597Z1~REF|LU|11~AMT|B6|41.74~CLP|5021-8864|1|124|72.6|18.52|MB|2915317439590|11|1~NM1|QC|1|BRADLEY|ERIC||||HN|425683488C1~NM1|82|1||||||XX|1952728636~MOA|||MA01~DTM|050|20151113~SVC|HC^G0181|124|72.6||1~DTM|472|20150430~CAS|CO|45|31.4||253|1.48~CAS|PR|2|18.52~REF|6R|1606053598Z1~REF|LU|11~AMT|B6|92.6~CLP|5021-8866|1|124|72.6|18.52|MB|2915317439600|11|1~NM1|QC|1|BRADLEY|ERIC||||HN|425683488C1~NM1|82|1||||||XX|1952728636~MOA|||MA01~DTM|050|20151113~SVC|HC^G0181|124|72.6||1~DTM|472|20150531~CAS|CO|45|31.4||253|1.48~CAS|PR|2|18.52~REF|6R|1606053599Z1~REF|LU|11~AMT|B6|92.6~CLP|2050-7892|1|47|32.89|8.39|MB|2915317439530|11|1~NM1|QC|1|BROWN|ANNIE||||HN|462727063D~NM1|82|1||||||XX|1962447805~MOA|||MA01~DTM|050|20151113~SVC|HC^G0179|47|32.89||1~DTM|472|20151101~CAS|CO|45|5.05||253|.67~CAS|PR|2|8.39~REF|6R|1606053002Z1~REF|LU|11~AMT|B6|41.95~CLP|5979-8898|19|47|32.89|8.39|MB|2915317439570|11|1~NM1|QC|1|BROWN|BILLY||||HN|455040140A~NM1|82|1||||||XX|1962447805~NM1|TT|2|TX HEALTH & HUMAN SERVICES COMMI|||||PI|70051~MOA|||MA01|MA07~DTM|050|20151113~SVC|HC^G0179|47|32.89||1~DTM|472|20151007~CAS|CO|45|5.05||253|.67~CAS|PR|2|8.39~REF|6R|1606053010Z1~REF|LU|11~AMT|B6|41.95~CLP|1221-8763|19|252|153.46|39.15|MB|3915316186370|12|1~NM1|QC|1|BROWN|JEWEL||||HN|458486775D6~NM1|82|1||||||XX|1962447805~NM1|TT|2|TX HEALTH & HUMAN SERVICES COMMI|||||PI|70051~MOA|||MA01|MA15|MA07~DTM|050|20151112~SVC|HC^95923|252|153.46||1~DTM|472|20151017~CAS|CO|45|56.26||253|3.13~CAS|PR|2|39.15~REF|6R|1604959829Z2~REF|LU|12~AMT|B6|195.74~CLP|1481-8775|19|61|42.76|10.91|MB|2915317439540|11|1~NM1|QC|1|COOKS|ADRAMNAN||||HN|464700415A~NM1|82|1||||||XX|1962447805~NM1|TT|2|TX HEALTH & HUMAN SERVICES COMMI|||||PI|70051~MOA|||MA01|MA07~DTM|050|20151113~SVC|HC^G0180|61|42.76||1~DTM|472|20151027~CAS|CO|45|6.46||253|.87~CAS|PR|2|10.91~REF|6R|1606053004Z1~REF|LU|11~AMT|B6|54.54~CLP|6001-8788|19|204|115.5|29.46|MB|3915316186390|12|1~NM1|QC|1|GARCIA|TONI||||HN|466656855A~NM1|82|1||||||XX|1952728636~NM1|TT|2|TX HEALTH & HUMAN SERVICES COMMI|||||PI|70051~MOA|||MA01|MA15|MA07~DTM|050|20151112~SVC|HC^99350^25|204|115.5||1~DTM|472|20151109~CAS|CO|45|56.68||253|2.36~CAS|PR|2|29.46~REF|6R|1604961284Z1~REF|LU|12~AMT|B6|147.32~SVC|HC^G8427|0|0||||1~DTM|472|20151109~REF|6R|1604961284Z3~REF|LU|12~LQ|HE|N620~SVC|HC^G8431|0|0||||1~DTM|472|20151109~REF|6R|1604961284Z4~REF|LU|12~LQ|HE|N620~SVC|HC^3288F|0|0||||1~DTM|472|20151109~REF|6R|1604961284Z5~REF|LU|12~LQ|HE|N620~CLP|5859-8779|1|47|32.89|8.39|MB|2915317439550|11|1~NM1|QC|1|GOSSETT|GREGORY||||HN|458130091A~NM1|82|1||||||XX|1962447805~MOA|||MA01~DTM|050|20151113~SVC|HC^G0179|47|32.89||1~DTM|472|20151008~CAS|CO|45|5.05||253|.67~CAS|PR|2|8.39~REF|6R|1606053006Z1~REF|LU|11~AMT|B6|41.95~CLP|5859-8852|1|267|184.27|47.01|MB|3915316186320|12|1~NM1|QC|1|GOSSETT|GREGORY||||HN|458130091A~NM1|82|1||||||XX|1962447805~MOA|||MA01~DTM|050|20151112~SVC|HC^99496|267|184.27||1~DTM|472|20150803~CAS|CO|45|31.96||253|3.76~CAS|PR|2|47.01~REF|6R|1604958499Z1~REF|LU|12~AMT|B6|235.04~CLP|978-7558|19|47|32.89|8.39|MB|2915317439490|11|1~NM1|QC|1|HARBOUR|CHARLES||||HN|464114296A~NM1|82|1||||||XX|1962447805~NM1|TT|2|TX HEALTH & HUMAN SERVICES COMMI|||||PI|70051~MOA|||MA01|MA07~DTM|050|20151113~SVC|HC^G0179|47|32.89||1~DTM|472|20151008~CAS|CO|45|5.05||253|.67~CAS|PR|2|8.39~REF|6R|1606052991Z1~REF|LU|11~AMT|B6|41.95~CLP|2988-5921|19|47|32.89|8.39|MB|2915317439610|11|1~NM1|QC|1|HARGIS|VIRGINA|R|||HN|311209792D~NM1|82|1||||||XX|1962447805~NM1|TT|2|AMERICAN REPUBLIC/ENTERPRISE|||||PI|30176~MOA|||MA01|MA18~DTM|050|20151113~SVC|HC^G0179|47|32.89||1~DTM|472|20150810~CAS|CO|45|5.05||253|.67~CAS|PR|2|8.39~REF|6R|1606054209Z1~REF|LU|11~AMT|B6|41.95~CLP|2988-8753|19|124|85.83|21.9|MB|2915317439620|11|1~NM1|QC|1|HARGIS|VIRGINA|R|||HN|311209792D~NM1|82|1||||||XX|1962447805~NM1|TT|2|AMERICAN REPUBLIC/ENTERPRISE|||||PI|30176~MOA|||MA01|MA18~DTM|050|20151113~SVC|HC^G0181|124|85.83||1~DTM|472|20150831~CAS|CO|45|14.52||253|1.75~CAS|PR|2|21.9~REF|6R|1606054210Z1~REF|LU|11~AMT|B6|109.48~CLP|2988-8754|19|124|85.83|21.9|MB|2915317439630|11|1~NM1|QC|1|HARGIS|VIRGINA|R|||HN|311209792D~NM1|82|1||||||XX|1962447805~NM1|TT|2|AMERICAN REPUBLIC/ENTERPRISE|||||PI|30176~MOA|||MA01|MA18~DTM|050|20151113~SVC|HC^G0181|124|85.83||1~DTM|472|20150930~CAS|CO|45|14.52||253|1.75~CAS|PR|2|21.9~REF|6R|1606054211Z1~REF|LU|11~AMT|B6|109.48~CLP|5445-8831|19|222|152.28|38.85|MB|3915316186140|12|1~NM1|QC|1|HENRY|SHIRLEY|A|||HN|453862720M~NM1|82|1||||||XX|1962447805~NM1|TT|2|TX HEALTH & HUMAN SERVICES COMMI|||||PI|70051~MOA|||MA01|MA15|MA07~DTM|050|20151112~SVC|HC^99350^25|204|140.98||1~DTM|472|20150729~CAS|CO|45|24.17||253|2.88~CAS|PR|2|35.97~REF|6R|1604956474Z1~REF|LU|12~AMT|B6|179.83~SVC|HC^99406|18|11.3||1~DTM|472|20150729~CAS|CO|45|3.59||253|.23~CAS|PR|2|2.88~REF|6R|1604956474Z2~REF|LU|12~AMT|B6|14.41~CLP|977-7808|19|47|32.89|8.39|MB|2915317439510|11|1~NM1|QC|1|KIENITZ|DALE||||HN|451115664A~NM1|82|1||||||XX|1962447805~NM1|TT|2|TX HEALTH & HUMAN SERVICES COMMI|||||PI|70051~MOA|||MA01|MA07~DTM|050|20151113~SVC|HC^G0179|47|32.89||1~DTM|472|20151024~CAS|CO|45|5.05||253|.67~CAS|PR|2|8.39~REF|6R|1606052997Z1~REF|LU|11~AMT|B6|41.95~CLP|2206-8850|19|154|107.07|27.31|MB|3915316186220|14|1~NM1|QC|1|LANE|ALTHEA||||HN|006643606C1~NM1|82|1||||||XX|1962447805~NM1|TT|2|TX HEALTH & HUMAN SERVICES COMMI|||||PI|70051~MOA|||MA01|MA07~DTM|050|20151112~SVC|HC^99336|154|107.07||1~DTM|472|20150729~CAS|CO|45|17.43||253|2.19~CAS|PR|2|27.31~REF|6R|1604956478Z1~REF|LU|14~AMT|B6|136.57~CLP|1245-7887|19|47|32.89|8.39|MB|2915317439520|11|1~NM1|QC|1|LUNA|GUADALUPE||||HN|457042557A~NM1|82|1||||||XX|1962447805~NM1|TT|2|TX HEALTH & HUMAN SERVICES COMMI|||||PI|70051~MOA|||MA01|MA07~DTM|050|20151113~SVC|HC^G0179|47|32.89||1~DTM|472|20151004~CAS|CO|45|5.05||253|.67~CAS|PR|2|8.39~REF|6R|1606052999Z1~REF|LU|11~AMT|B6|41.95~CLP|5928-8853|19|204|140.98|35.97|MB|3915316186350|12|1~NM1|QC|1|MCVICKER|JAMES||||HN|455469000A~NM1|82|1||||||XX|1962447805~NM1|TT|2|UNITEDHEALTH GROUP|||||PI|30002~MOA|||MA01|MA18~DTM|050|20151112~SVC|HC^99350|204|140.98||1~DTM|472|20150804~CAS|CO|45|24.17||253|2.88~CAS|PR|2|35.97~REF|6R|1604958500Z1~REF|LU|12~AMT|B6|179.83~CLP|2502-8843|1|222|11.3|2.88|MB|3915316186180|12|1~NM1|QC|1|MEADOWS|JUSTIN||||HN|456449493C1~NM1|82|1||||||XX|1962447805~MOA|||MA01~DTM|050|20151112~SVC|HC^99350^25|204|0||||1~DTM|472|20150725~CAS|CO|10|204~REF|6R|1604956476Z1~REF|LU|12~SVC|HC^99406|18|11.3||1~DTM|472|20150725~CAS|CO|45|3.59||253|.23~CAS|PR|2|2.88~REF|6R|1604956476Z2~REF|LU|12~AMT|B6|14.41~CLP|3140-8833|19|204|140.98|35.97|MB|3915316186280|12|1~NM1|QC|1|MORTON|CAROL||||HN|451295104A~NM1|82|1||||||XX|1962447805~NM1|TT|2|TX HEALTH & HUMAN SERVICES COMMI|||||PI|70051~MOA|||MA01|MA07~DTM|050|20151112~SVC|HC^99350|204|140.98||1~DTM|472|20150805~CAS|CO|45|24.17||253|2.88~CAS|PR|2|35.97~REF|6R|1604958494Z1~REF|LU|12~AMT|B6|179.83~CLP|5382-8830|1|204|139.2|35.51|MB|3915316186120|12|1~NM1|QC|1|PEREZ|VINCENTE||||HN|377543841A~NM1|82|1||||||XX|1962447805~MOA|||MA01|MA15~DTM|050|20151112~SVC|HC^99350^25|204|139.2||1~DTM|472|20150728~CAS|CO|45|26.45||253|2.84~CAS|PR|2|35.51~REF|6R|1604956473Z1~REF|LU|12~AMT|B6|177.55~CLP|5640-8796|1|204|119.84|30.57|MB|3915316186410|12|1~NM1|QC|1|PIGGEE|BILLIE|R|||HN|457761881A~NM1|82|1||||||XX|1952728636~MOA|||MA01|MA15~DTM|050|20151112~SVC|HC^99350^25|204|119.84||1~DTM|472|20151109~CAS|CO|45|51.14||253|2.45~CAS|PR|2|30.57~REF|6R|1604961285Z1~REF|LU|12~AMT|B6|152.86~SVC|HC^G8427|0|0||||1~DTM|472|20151109~REF|6R|1604961285Z3~REF|LU|12~LQ|HE|N620~SVC|HC^G8431|0|0||||1~DTM|472|20151109~REF|6R|1604961285Z4~REF|LU|12~LQ|HE|N620~SVC|HC^G8752|0|0||||1~DTM|472|20151109~REF|6R|1604961285Z5~REF|LU|12~LQ|HE|N620~SVC|HC^G8754|0|0||||1~DTM|472|20151109~REF|6R|1604961285Z6~REF|LU|12~LQ|HE|N620~CLP|5942-8842|1|253|175.48|44.76|MB|3915316186300|12|1~NM1|QC|1|RATTLER|WILLIE||||HN|451441444A~NM1|82|1||||||XX|1962447805~MOA|||MA01~DTM|050|20151112~SVC|HC^99345|253|175.48||1~DTM|472|20150805~CAS|CO|45|29.18||253|3.58~CAS|PR|2|44.76~REF|6R|1604958496Z1~REF|LU|12~AMT|B6|223.82~CLP|6013-8883|19|61|42.76|10.91|MB|2915317439560|11|1~NM1|QC|1|SHOULDER|JOANN||||HN|436196361A~NM1|82|1||||||XX|1962447805~NM1|TT|2|TX HEALTH & HUMAN SERVICES COMMI|||||PI|70051~MOA|||MA01|MA07~DTM|050|20151113~SVC|HC^G0180|61|42.76||1~DTM|472|20151010~CAS|CO|45|6.46||253|.87~CAS|PR|2|10.91~REF|6R|1606053008Z1~REF|LU|11~AMT|B6|54.54~CLP|5955-7622|19|47|32.89|8.39|MB|2915317439500|11|1~NM1|QC|1|SMITH|JAMES||||HN|454046625A~NM1|82|1||||||XX|1962447805~NM1|TT|2|TX HEALTH & HUMAN SERVICES COMMI|||||PI|70051~MOA|||MA01|MA07~DTM|050|20151113~SVC|HC^G0179|47|32.89||1~DTM|472|20151019~CAS|CO|45|5.05||253|.67~CAS|PR|2|8.39~REF|6R|1606052995Z1~REF|LU|11~AMT|B6|41.95~CLP|1273-8848|1|204|140.98|35.97|MB|3915316186200|12|1~NM1|QC|1|SPICER|OTIS||||HN|456849833A~NM1|82|1||||||XX|1962447805~MOA|||MA01~DTM|050|20151112~SVC|HC^99350|204|140.98||1~DTM|472|20150729~CAS|CO|45|24.17||253|2.88~CAS|PR|2|35.97~REF|6R|1604956477Z1~REF|LU|12~AMT|B6|179.83~CLP|1989-8854|1|204|139.2|35.51|MB|3915316186260|12|1~NM1|QC|1|TYSKA|CHRISTINA||||HN|370342287A~NM1|82|1||||||XX|1962447805~MOA|||MA01~DTM|050|20151112~SVC|HC^99350|204|139.2||1~DTM|472|20150728~CAS|CO|45|26.45||253|2.84~CAS|PR|2|35.51~REF|6R|1604956480Z1~REF|LU|12~AMT|B6|177.55~CLP|1385-8851|19|204|140.98|35.97|MB|3915316186240|12|1~NM1|QC|1|VANVLEET|MFRANCES||||HN|466207592A~NM1|82|1||||||XX|1962447805~NM1|TT|2|AMERICAN CONTINENTAL INSU.|||||PI|30074~MOA|||MA01|MA15|MA18~DTM|050|20151112~SVC|HC^99350^25|204|140.98||1~DTM|472|20150728~CAS|CO|45|24.17||253|2.88~CAS|PR|2|35.97~REF|6R|1604956479Z1~REF|LU|12~AMT|B6|179.83~CLP|5947-8844|19|271|186.78|47.64|MB|3915316186430|12|1~NM1|QC|1|WOMACK|CHRISTI||||HN|466294148A~NM1|82|1||||||XX|1962447805~NM1|TT|2|TX HEALTH & HUMAN SERVICES COMMI|||||PI|70051~MOA|||MA01|MA15|MA07~DTM|050|20151112~SVC|HC^99345^25|253|175.48||1~DTM|472|20150729~CAS|CO|45|29.18||253|3.58~CAS|PR|2|44.76~REF|6R|1604965363Z1~REF|LU|12~AMT|B6|223.82~SVC|HC^99406|18|11.3||1~DTM|472|20150729~CAS|CO|45|3.59||253|.23~CAS|PR|2|2.88~REF|6R|1604965363Z3~REF|LU|12~AMT|B6|14.41~SE|461|0001~GE|1|2565~IEA|1|000002568~