ISA|00|          |00|          |ZZ|ZIRMED         |29|E12705         |150318|0200|U|00401|000000714|0|P|^~GS|HP|ZIRMED|E12705|20150318|0200|709|X|004010X091A1~ST|835|0001~BPR|I|2061.9|C|ACH|CCP|01|081517693|DA|152302017594|1205296137||01|111000025|DA|488038453432|20150318~TRN|1|889798832|1205296137~REF|EV|E12705~DTM|405|20150317~N1|PR|NOVITAS SOLUTIONS, INC.~N3|PO BOX 3110~N4|MECHANICSBURG|PA|170551826~REF|2U|04412~PER|CX||TE|8552528782~N1|PE|DFW GERIATRICS PLLC|XX|1063835361~N3|2925 SKYWAY CIRCLE NORTH~N4|IRVING|TX|750383510~REF|TJ|464596718~LX|1~CLP|7-2548|19|104|68.59|17.5|MB|2815063621170|32|1~NM1|QC|1|BACCUS|MARILYN|D|||HN|466179221T~NM1|82|1||||||XX|1962447805~NM1|TT|2|TX HEALTH & HUMAN SERVICES COMMI|||||PI|70051~MOA|||MA01|MA07~DTM|050|20150304~SVC|HC^99309|104|68.59||1~DTM|472|20150121~CAS|CO|45|16.51||253|1.4~CAS|PR|2|17.5~REF|LU|32~REF|6R|1388391256Z1~AMT|B6|87.49~CLP|7-2518|19|79|51.76|13.2|MB|2815063621280|32|1~NM1|QC|1|BACCUS|MARILYN|D|||HN|466179221T~NM1|82|1||||||XX|1962447805~NM1|TT|2|TX HEALTH & HUMAN SERVICES COMMI|||||PI|70051~MOA|||MA01|MA07~DTM|050|20150304~SVC|HC^99308|79|51.76||1~DTM|472|20150211~CAS|CO|45|12.98||253|1.06~CAS|PR|2|13.2~REF|LU|32~REF|6R|1388403719Z1~AMT|B6|66.02~CLP|10-2523|19|51|33.52|8.55|MB|2815063621340|32|1~NM1|QC|1|BENNETT|HARRAL||||HN|450600318A~NM1|82|1||||||XX|1962447805~NM1|TT|2|TX HEALTH & HUMAN SERVICES COMMI|||||PI|70051~MOA|||MA01|MA07~DTM|050|20150304~SVC|HC^99307|51|33.52||1~DTM|472|20150205~CAS|CO|45|8.25||253|.68~CAS|PR|2|8.55~REF|LU|32~REF|6R|1388417723Z1~AMT|B6|42.75~CLP|15-2526|19|51|33.52|8.55|MB|2815063621380|32|1~NM1|QC|1|BOOKER|ROY|G|||HN|458824469M~NM1|82|1||||||XX|1962447805~NM1|TT|2|TX HEALTH & HUMAN SERVICES COMMI|||||PI|70051~MOA|||MA01|MA07~DTM|050|20150304~SVC|HC^99307|51|33.52||1~DTM|472|20150205~CAS|CO|45|8.25||253|.68~CAS|PR|2|8.55~REF|LU|32~REF|6R|1388417727Z1~AMT|B6|42.75~CLP|16-2527|19|51|33.52|8.55|MB|2815063621370|32|1~NM1|QC|1|BURCHETT|JAMES||||HN|456441264A~NM1|82|1||||||XX|1962447805~NM1|TT|2|TX HEALTH & HUMAN SERVICES COMMI|||||PI|70051~MOA|||MA01|MA07~DTM|050|20150304~SVC|HC^99307|51|33.52||1~DTM|472|20150205~CAS|CO|45|8.25||253|.68~CAS|PR|2|8.55~REF|LU|32~REF|6R|1388417726Z1~AMT|B6|42.75~CLP|340-2541|19|104|68.59|17.5|MB|2815063621480|32|1~NM1|QC|1|CLOSE|JW||||HN|459866682A~NM1|82|1||||||XX|1962447805~NM1|TT|2|TX HEALTH & HUMAN SERVICES COMMI|||||PI|70051~MOA|||MA01|MA07~DTM|050|20150304~SVC|HC^99309|104|68.59||1~DTM|472|20150216~CAS|CO|45|16.51||253|1.4~CAS|PR|2|17.5~REF|LU|32~REF|6R|1388425341Z1~AMT|B6|87.49~CLP|92-2543|19|104|68.59|17.5|MB|2815063621500|32|1~NM1|QC|1|COLLINS|VELMA||||HN|449463498D~NM1|82|1||||||XX|1962447805~NM1|TT|2|TX HEALTH & HUMAN SERVICES COMMI|||||PI|70051~MOA|||MA01|MA07~DTM|050|20150304~SVC|HC^99309|104|68.59||1~DTM|472|20150216~CAS|CO|45|16.51||253|1.4~CAS|PR|2|17.5~REF|LU|32~REF|6R|1388425343Z1~AMT|B6|87.49~CLP|389-2406|1|193|125.55|32.03|MB|2815063621140|31|1~NM1|QC|1|DAMM|KATHLEEN||||HN|473785415A~NM1|82|1||||||XX|1962447805~MOA|||MA01~DTM|050|20150304~SVC|HC^99306|193|125.55||1~DTM|472|20150206~CAS|CO|45|32.86||253|2.56~CAS|PR|2|32.03~REF|LU|31~REF|6R|1388391252Z1~AMT|B6|160.14~CLP|389-2536|1|104|68.59|17.5|MB|2815063621300|31|1~NM1|QC|1|DAMM|KATHLEEN||||HN|473785415A~NM1|82|1||||||XX|1962447805~MOA|||MA01~DTM|050|20150304~SVC|HC^99309|104|68.59||1~DTM|472|20150212~CAS|CO|45|16.51||253|1.4~CAS|PR|2|17.5~REF|LU|31~REF|6R|1388403725Z1~AMT|B6|87.49~CLP|251-2509|1|104|68.59|17.5|MB|2815063621210|32|1~NM1|QC|1|DURHAM|EMANUEL||||HN|454787983A~NM1|82|1||||||XX|1962447805~MOA|||MA01~DTM|050|20150304~SVC|HC^99309|104|68.59||1~DTM|472|20150211~CAS|CO|45|16.51||253|1.4~CAS|PR|2|17.5~REF|LU|32~REF|6R|1388403696Z1~AMT|B6|87.49~CLP|388-2534|19|104|68.59|17.5|MB|2815063621150|31|1~NM1|QC|1|ESTES|BARBARA|L|||HN|253402873D~NM1|82|1||||||XX|1962447805~NM1|TT|2|WPS - TRICARE FOR LIFE|||||PI|60000~MOA|||MA01|MA18~DTM|050|20150304~SVC|HC^99309|104|68.59||1~DTM|472|20150206~CAS|CO|45|16.51||253|1.4~CAS|PR|2|17.5~REF|LU|31~REF|6R|1388391253Z1~AMT|B6|87.49~CLP|388-2535|19|104|68.59|17.5|MB|2815063621290|31|1~NM1|QC|1|ESTES|BARBARA|L|||HN|253402873D~NM1|82|1||||||XX|1962447805~NM1|TT|2|WPS - TRICARE FOR LIFE|||||PI|60000~MOA|||MA01|MA18~DTM|050|20150304~SVC|HC^99309|104|68.59||1~DTM|472|20150212~CAS|CO|45|16.51||253|1.4~CAS|PR|2|17.5~REF|LU|31~REF|6R|1388403722Z1~AMT|B6|87.49~CLP|87-2524|19|51|20.37|21.96|MB|2815063621360|32|1~NM1|QC|1|GIPSON|CARRIE||||HN|457404502B~NM1|82|1||||||XX|1962447805~NM1|TT|2|TX HEALTH & HUMAN SERVICES COMMI|||||PI|70051~MOA|||MA01|MA07~DTM|050|20150304~SVC|HC^99307|51|20.37||1~DTM|472|20150205~CAS|CO|45|8.25||253|.42~CAS|PR|1|16.76||2|5.2~REF|LU|32~REF|6R|1388417725Z1~AMT|B6|42.75~CLP|87-2545|19|104|68.59|17.5|MB|2815063621510|32|1~NM1|QC|1|GIPSON|CARRIE||||HN|457404502B~NM1|82|1||||||XX|1962447805~NM1|TT|2|TX HEALTH & HUMAN SERVICES COMMI|||||PI|70051~MOA|||MA01|MA07~DTM|050|20150304~SVC|HC^99309|104|68.59||1~DTM|472|20150216~CAS|CO|45|16.51||253|1.4~CAS|PR|2|17.5~REF|LU|32~REF|6R|1388425345Z1~AMT|B6|87.49~CLP|53-2525|19|51|33.52|8.55|MB|2815063621350|32|1~NM1|QC|1|HOLLAND|TRUDY||||HN|465045111A~NM1|82|1||||||XX|1962447805~NM1|TT|2|TX HEALTH & HUMAN SERVICES COMMI|||||PI|70051~MOA|||MA01|MA07~DTM|050|20150304~SVC|HC^99307|51|33.52||1~DTM|472|20150205~CAS|CO|45|8.25||253|.68~CAS|PR|2|8.55~REF|LU|32~REF|6R|1388417724Z1~AMT|B6|42.75~CLP|53-2539|19|79|51.76|13.2|MB|2815063621460|32|1~NM1|QC|1|HOLLAND|TRUDY||||HN|465045111A~NM1|82|1||||||XX|1962447805~NM1|TT|2|TX HEALTH & HUMAN SERVICES COMMI|||||PI|70051~MOA|||MA01|MA07~DTM|050|20150304~SVC|HC^99308|79|51.76||1~DTM|472|20150216~CAS|CO|45|12.98||253|1.06~CAS|PR|2|13.2~REF|LU|32~REF|6R|1388425339Z1~AMT|B6|66.02~CLP|215-2546|19|104|68.59|17.5|MB|2815063621520|32|1~NM1|QC|1|KING|LOUISE||||HN|452523415A~NM1|82|1||||||XX|1962447805~NM1|TT|2|TX HEALTH & HUMAN SERVICES COMMI|||||PI|70051~MOA|||MA01|MA07~DTM|050|20150304~SVC|HC^99309|104|68.59||1~DTM|472|20150216~CAS|CO|45|16.51||253|1.4~CAS|PR|2|17.5~REF|LU|32~REF|6R|1388425346Z1~AMT|B6|87.49~CLP|358-2550|19|104|68.59|17.5|MB|2815063621190|32|1~NM1|QC|1|MCGREW|RUTHIE||||HN|462986346A~NM1|82|1||||||XX|1962447805~NM1|TT|2|TX HEALTH & HUMAN SERVICES COMMI|||||PI|70051~MOA|||MA01|MA07~DTM|050|20150304~SVC|HC^99309|104|68.59||1~DTM|472|20150121~CAS|CO|45|16.51||253|1.4~CAS|PR|2|17.5~REF|LU|32~REF|6R|1388391258Z1~AMT|B6|87.49~CLP|253-2513|19|104|68.59|17.5|MB|2815063621240|32|1~NM1|QC|1|MIXON|MARION||||HN|418423701A~NM1|82|1||||||XX|1962447805~NM1|TT|2|TX HEALTH & HUMAN SERVICES COMMI|||||PI|70051~MOA|||MA01|MA07~DTM|050|20150304~SVC|HC^99309|104|68.59||1~DTM|472|20150211~CAS|CO|45|16.51||253|1.4~CAS|PR|2|17.5~REF|LU|32~REF|6R|1388403704Z1~AMT|B6|87.49~CLP|374-2236|19|104|68.59|17.5|MB|2815063621120|32|1~NM1|QC|1|MONTEAUX|DORIS||||HN|465368367A~NM1|82|1||||||XX|1962447805~NM1|TT|2|UNITEDHEALTH GROUP|||||PI|30002~MOA|||MA01|MA18~DTM|050|20150304~SVC|HC^99309|104|68.59||1~DTM|472|20150121~CAS|CO|45|16.51||253|1.4~CAS|PR|2|17.5~REF|LU|32~REF|6R|1388391250Z1~AMT|B6|87.49~CLP|374-2542|19|104|68.59|17.5|MB|2815063621490|32|1~NM1|QC|1|MONTEAUX|DORIS||||HN|465368367A~NM1|82|1||||||XX|1962447805~NM1|TT|2|UNITEDHEALTH GROUP|||||PI|30002~MOA|||MA01|MA18~DTM|050|20150304~SVC|HC^99309|104|68.59||1~DTM|472|20150216~CAS|CO|45|16.51||253|1.4~CAS|PR|2|17.5~REF|LU|32~REF|6R|1388425342Z1~AMT|B6|87.49~CLP|78-2519|19|104|68.59|17.5|MB|2815063621160|31|1~NM1|QC|1|NELSON|HELEN|R|||HN|452520020M~NM1|82|1||||||XX|1962447805~NM1|TT|2|TX HEALTH & HUMAN SERVICES COMMI|||||PI|70051~MOA|||MA01|MA07~DTM|050|20150304~SVC|HC^99309^GW|104|68.59||1~DTM|472|20150202~CAS|CO|45|16.51||253|1.4~CAS|PR|2|17.5~REF|LU|31~REF|6R|1388391254Z1~AMT|B6|87.49~CLP|100-2520|19|104|68.59|17.5|MB|2815063621320|32|1~NM1|QC|1|PETERSON|DEBORAH||||HN|464111423A~NM1|82|1||||||XX|1962447805~NM1|TT|2|TX HEALTH & HUMAN SERVICES COMMI|||||PI|70051~MOA|||MA01|MA07~DTM|050|20150304~SVC|HC^99309|104|68.59||1~DTM|472|20150205~CAS|CO|45|16.51||253|1.4~CAS|PR|2|17.5~REF|LU|32~REF|6R|1388417720Z1~AMT|B6|87.49~CLP|206-2529|19|51|33.52|8.55|MB|2815063621400|32|1~NM1|QC|1|ROBERTS|MILTON||||HN|459741771A~NM1|82|1||||||XX|1962447805~NM1|TT|2|TX HEALTH & HUMAN SERVICES COMMI|||||PI|70051~MOA|||MA01|MA07~DTM|050|20150304~SVC|HC^99307|51|33.52||1~DTM|472|20150205~CAS|CO|45|8.25||253|.68~CAS|PR|2|8.55~REF|LU|32~REF|6R|1388417729Z1~AMT|B6|42.75~CLP|31-2516|19|104|68.59|17.5|MB|2815063621260|32|1~NM1|QC|1|ROSS|RUTH|E|||HN|459603783D~NM1|82|1||||||XX|1962447805~NM1|TT|2|TX HEALTH & HUMAN SERVICES COMMI|||||PI|70051~MOA|||MA01|MA07~DTM|050|20150304~SVC|HC^99309|104|68.59||1~DTM|472|20150211~CAS|CO|45|16.51||253|1.4~CAS|PR|2|17.5~REF|LU|32~REF|6R|1388403714Z1~AMT|B6|87.49~CLP|31-2528|19|51|33.52|8.55|MB|2815063621390|32|1~NM1|QC|1|ROSS|RUTH|E|||HN|459603783D~NM1|82|1||||||XX|1962447805~NM1|TT|2|TX HEALTH & HUMAN SERVICES COMMI|||||PI|70051~MOA|||MA01|MA07~DTM|050|20150304~SVC|HC^99307|51|33.52||1~DTM|472|20150205~CAS|CO|45|8.25||253|.68~CAS|PR|2|8.55~REF|LU|32~REF|6R|1388417728Z1~AMT|B6|42.75~CLP|357-2105|1|104|68.59|17.5|MB|2815063621100|32|1~NM1|QC|1|RUTHERFORD|ODESSA||||HN|454382530A~NM1|82|1||||||XX|1962447805~MOA|||MA01~DTM|050|20150304~SVC|HC^99309|104|68.59||1~DTM|472|20150121~CAS|CO|45|16.51||253|1.4~CAS|PR|2|17.5~REF|LU|32~REF|6R|1388391245Z1~AMT|B6|87.49~CLP|50-2549|19|104|68.59|17.5|MB|2815063621180|32|1~NM1|QC|1|SANDERS|TONY|R|||HN|467086770A~NM1|82|1||||||XX|1962447805~NM1|TT|2|TX HEALTH & HUMAN SERVICES COMMI|||||PI|70051~MOA|||MA01|MA07~DTM|050|20150304~SVC|HC^99309|104|68.59||1~DTM|472|20150121~CAS|CO|45|16.51||253|1.4~CAS|PR|2|17.5~REF|LU|32~REF|6R|1388391257Z1~AMT|B6|87.49~CLP|50-2532|19|51|33.52|8.55|MB|2815063621420|32|1~NM1|QC|1|SANDERS|TONY|R|||HN|467086770A~NM1|82|1||||||XX|1962447805~NM1|TT|2|TX HEALTH & HUMAN SERVICES COMMI|||||PI|70051~MOA|||MA01|MA07~DTM|050|20150304~SVC|HC^99307|51|33.52||1~DTM|472|20150205~CAS|CO|45|8.25||253|.68~CAS|PR|2|8.55~REF|LU|32~REF|6R|1388417731Z1~AMT|B6|42.75~CLP|149-2517|19|79|51.76|13.2|MB|2815063621270|32|1~NM1|QC|1|SMITH|KAREN||||HN|464080734A~NM1|82|1||||||XX|1962447805~NM1|TT|2|TX HEALTH & HUMAN SERVICES COMMI|||||PI|70051~MOA|||MA01|MA07~DTM|050|20150304~SVC|HC^99308|79|51.76||1~DTM|472|20150211~CAS|CO|45|12.98||253|1.06~CAS|PR|2|13.2~REF|LU|32~REF|6R|1388403715Z1~AMT|B6|66.02~CLP|42-2515|1|104|68.59|17.5|MB|2815063621250|32|1~NM1|QC|1|SPENCER|GERALDINE|M|||HN|450745441A~NM1|82|1||||||XX|1962447805~MOA|||MA01~DTM|050|20150304~SVC|HC^99309|104|68.59||1~DTM|472|20150211~CAS|CO|45|16.51||253|1.4~CAS|PR|2|17.5~REF|LU|32~REF|6R|1388403710Z1~AMT|B6|87.49~CLP|365-2521|19|122|79.27|20.22|MB|2815063621540|32|1~NM1|QC|1|TAYLOR|AUDREY||||HN|450967533A~NM1|82|1||||||XX|1962447805~NM1|TT|2|TX HEALTH & HUMAN SERVICES COMMI|||||PI|70051~MOA|||MA01|MA07~DTM|050|20150304~SVC|HC^99309^25|104|68.59||1~DTM|472|20150205~CAS|CO|45|16.51||253|1.4~CAS|PR|2|17.5~REF|LU|32~REF|6R|1388481312Z1~AMT|B6|87.49~SVC|HC^99406|18|10.68||1~DTM|472|20150205~CAS|CO|45|4.38||253|.22~CAS|PR|2|2.72~REF|LU|32~REF|6R|1388481312Z2~AMT|B6|13.62~CLP|6-2512|19|104|41.47|45.17|MB|2815063621230|32|1~NM1|QC|1|THORNTON|ARWILDER||||HN|457072991C1~NM1|82|1||||||XX|1962447805~NM1|TT|2|TX HEALTH & HUMAN SERVICES COMMI|||||PI|70051~MOA|||MA01|MA07~DTM|050|20150304~SVC|HC^99309|104|41.47||1~DTM|472|20150211~CAS|CO|45|16.51||253|.85~CAS|PR|1|34.59||2|10.58~REF|LU|32~REF|6R|1388403701Z1~AMT|B6|87.49~CLP|227-2530|19|51|33.52|8.55|MB|2815063621410|32|1~NM1|QC|1|WILLIE|WILSON|S|||HN|452926535A~NM1|82|1||||||XX|1962447805~NM1|TT|2|TX HEALTH & HUMAN SERVICES COMMI|||||PI|70051~MOA|||MA01|MA27|MA07~DTM|050|20150304~SVC|HC^99307|51|33.52||1~DTM|472|20150205~CAS|CO|45|8.25||253|.68~CAS|PR|2|8.55~REF|LU|32~REF|6R|1388417730Z1~AMT|B6|42.75~CLP|67-2544|19|104|68.59|17.5|MB|2815063621530|32|1~NM1|QC|1|WORDLAW|LISA||||HN|452279395A~NM1|82|1||||||XX|1962447805~NM1|TT|2|TX HEALTH & HUMAN SERVICES COMMI|||||PI|70051~MOA|||MA01|MA07~DTM|050|20150304~SVC|HC^99309|104|68.59||1~DTM|472|20150216~CAS|CO|45|16.51||253|1.4~CAS|PR|2|17.5~REF|LU|32~REF|6R|1388479672Z1~AMT|B6|87.49~SE|473|0001~GE|1|709~IEA|1|000000714~