ISA|00|          |00|          |ZZ|ZIRMED         |ZZ|AV09311993     |150610|1500|U|00401|000001010|0|P|^~GS|HP|ZIRMED|AV01101957|20150610|1500|1005|X|004010X091A1~ST|835|0001~BPR|H|0|C|NON||||||||||||20150609~TRN|1|C15160N13502620|1361236610|CP20150609N135026200~REF|EV|TX8355010~DTM|405|20150609~N1|PR|BLUECROSS BLUESHIELD OF TEXAS~N3|P O BOX 660044~N4|DALLAS|TX|752660044~REF|2U|G84980~N1|PE|DFW GERIATRICS PLLC|XX|1063835361~N3|2925 SKYWAY CIR N~N4|IRVING|TX|750383510~REF|TJ|464596718~LX|1~CLP|5646-2945|1|130|0|113.21|12|020151535003G720X00|11|1~NM1|QC|1|PERRY|MARY||||MI|CMJAN5023961~NM1|82|1|KETHA|SUMANA||||XX|1962447805~REF|1L|000ZGPPOX0000~REF|CE|PREFERRED PROVIDER ORGANIZATION~DTM|232|20150528~DTM|233|20150528~DTM|050|20150602~AMT|AU|113.21~SVC|HC^99214|130|0||1~DTM|472|20150528~CAS|CO|45|16.79~CAS|PR|1|113.21~REF|6R|1463405800Z1~AMT|B6|113.21~SE|30|0001~ST|835|0002~BPR|I|3.83|C|CHK||||||||||||20150609~TRN|1|C15160118925530|1361236610|CP201506091189255300~REF|EV|TX8355010~DTM|405|20150609~N1|PR|BLUECROSS BLUESHIELD OF TEXAS~N3|P O BOX 660044~N4|DALLAS|TX|752660044~REF|2U|G84980~N1|PE|DFW GERIATRICS PLLC|XX|1063835361~N3|2925 SKYWAY CIR N~N4|IRVING|TX|750383510~REF|TJ|464596718~LX|1~CLP|6038-2849|2|24|3.83||15|02015154570K7080X00|11|1~NM1|QC|1|BUTNER|JOANN||||MI|R02401367~NM1|IL|1|BUTNER|JOANN||||MI|R02401367~NM1|82|1|KETHA|SUMANA||||XX|1962447805~REF|1L|0000FEPTX0102~REF|CE|MEDICARE CROSSOVER CLAIM~DTM|232|20150430~DTM|233|20150430~DTM|050|20150603~AMT|AU|19.17~SVC|HC^99211^25|24|3.83||1~DTM|472|20150430~CAS|OA|23|15.34~REF|6R|1451623913Z1~AMT|B6|19.17~SE|30|0002~GE|2|1005~IEA|1|000001010~