ISA|00|          |00|          |ZZ|ZIRMED         |29|E12705         |150321|0641|U|00401|000000717|0|P|^~GS|HP|ZIRMED|E12705|20150321|0641|712|X|004010X091A1~ST|835|0001~BPR|I|68.59|C|ACH|CCP|01|081517693|DA|152302017594|1205296137||01|111000025|DA|488038453432|20150323~TRN|1|889825212|1205296137~REF|EV|E12705~DTM|405|20150320~N1|PR|NOVITAS SOLUTIONS, INC.~N3|PO BOX 3110~N4|MECHANICSBURG|PA|170551826~REF|2U|04412~PER|CX||TE|8552528782~N1|PE|DFW GERIATRICS PLLC|XX|1063835361~N3|2925 SKYWAY CIRCLE NORTH~N4|IRVING|TX|750383510~REF|TJ|464596718~LX|1~CLP|46-2552|1|104|68.59|17.5|MB|2815063621450|32|1~NM1|QC|1|NORMAN|SUSAN|C|||HN|465116311A~NM1|82|1||||||XX|1962447805~MOA|||MA01~DTM|050|20150304~SVC|HC^99309|104|68.59||1~DTM|472|20150211~CAS|CO|45|16.51||253|1.4~CAS|PR|2|17.5~REF|LU|32~REF|6R|1388417734Z1~AMT|B6|87.49~SE|28|0001~GE|1|712~IEA|1|000000717~