ISA|00|          |00|          |ZZ|ZIRMED         |29|E12705         |151110|0454|U|00401|000001533|0|P|^~GS|HP|ZIRMED|E12705|20151110|0454|1528|X|004010X091A1~ST|835|0001~BPR|I|950.54|C|ACH|CCP|01|081517693|DA|152302017594|1205296137||01|111000025|DA|488038453432|20151110~TRN|1|891593819|1205296137~REF|EV|E12705~DTM|405|20151109~N1|PR|NOVITAS SOLUTIONS, INC.~N3|PO BOX 3110~N4|MECHANICSBURG|PA|170551826~REF|2U|04412~PER|CX||TE|8552528782~N1|PE|DFW GERIATRICS PLLC|XX|1063835361~N3|2925 SKYWAY CIRCLE NORTH~N4|IRVING|TX|750383510~REF|TJ|464596718~LX|1~CLP|559-4047|19|24|15.11|3.85|MB|2815300892660|11|1~NM1|QC|1|AGANON|ROSITA||||HN|630769002A~NM1|82|1||||||XX|1962447805~NM1|TT|2|AMERICAN INSURANCE ADMINISTRATOR|||||PI|30151~MOA|||MA01|MA18~DTM|050|20151027~SVC|HC^99211|24|15.11||1~DTM|472|20151021~CAS|CO|45|4.73||253|.31~CAS|PR|2|3.85~REF|6R|1589122979Z1~REF|LU|11~AMT|B6|19.27~CLP|559-4066|1|135|110.38||MB|2815300892680|11|1~NM1|QC|1|AGANON|ROSITA||||HN|630769002A~NM1|82|1||||||XX|1962447805~MOA|||MA01~DTM|050|20151027~SVC|HC^G0439|135|110.38||1~DTM|472|20151020~CAS|CO|45|22.37||253|2.25~REF|6R|1589122984Z1~REF|LU|11~AMT|B6|112.63~CLP|6026-4018|1|229|38.8||MB|2815300892430|01|1~NM1|QC|1|HEIDLEBERG|GEORGE||||HN|461465630A~NM1|82|1||||||XX|1962447805~MOA|||MA01~DTM|050|20151027~SVC|HC^99214^25|130|0||||1~DTM|472|20151016~CAS|CO|58|130~REF|6R|1589122945Z1~REF|LU|01~SVC|HC^90656|17|13.6||1~DTM|472|20151016~CAS|CO|45|3.12||253|.28~REF|6R|1589122945Z2~REF|LU|01~AMT|B6|13.88~SVC|HC^G0008|31|25.2||1~DTM|472|20151016~CAS|CO|45|5.29||253|.51~REF|6R|1589122945Z3~REF|LU|01~AMT|B6|25.71~SVC|HC^96372|29|0||||1~DTM|472|20151016~CAS|CO|58|29~REF|6R|1589122945Z4~REF|LU|01~SVC|HC^94760|4|0||||1~DTM|472|20151016~CAS|CO|58|4~REF|6R|1589122945Z5~REF|LU|01~SVC|HC^99406|18|0||||1~DTM|472|20151016~CAS|CO|58|18~REF|6R|1589122945Z6~REF|LU|01~CLP|6038-4070|1|881|553.08|131.2|MB|2815300892750|11|1~NM1|QC|1|HEIDLEBERG|LINDA||||HN|458527091A~NM1|82|1||||||XX|1962447805~MOA|||MA01~DTM|050|20151027~SVC|HC^99215^25|174|109.94||1~DTM|472|20151016~CAS|CO|45|33.77||253|2.24~CAS|PR|2|28.05~REF|6R|1589122992Z1~REF|LU|11~AMT|B6|140.23~SVC|HC^G0008|31|25.2||1~DTM|472|20151016~CAS|CO|45|5.29||253|.51~REF|6R|1589122992Z2~REF|LU|11~AMT|B6|25.71~SVC|HC^90656|17|13.6||1~DTM|472|20151016~CAS|CO|45|3.12||253|.28~REF|6R|1589122992Z3~REF|LU|11~AMT|B6|13.88~SVC|HC^96372|29|19.15||1~DTM|472|20151016~CAS|CO|45|4.58||253|.39~CAS|PR|2|4.88~REF|6R|1589122992Z4~REF|LU|11~AMT|B6|24.42~SVC|HC^94760|4|0||||1~DTM|472|20151016~CAS|CO|97|4~REF|6R|1589122992Z5~REF|LU|11~LQ|HE|M80~SVC|HC^95923|252|145.78||1~DTM|472|20151016~CAS|CO|45|66.05||253|2.98~CAS|PR|2|37.19~REF|6R|1589122992Z6~REF|LU|11~AMT|B6|185.95~SVC|HC^95921|110|66.66||1~DTM|472|20151016~CAS|CO|45|24.97||253|1.36~CAS|PR|2|17.01~REF|6R|1589122992Z7~REF|LU|11~AMT|B6|85.03~SVC|HC^93306|264|172.75||1~DTM|472|20151016~CAS|CO|45|43.65||253|3.53~CAS|PR|2|44.07~REF|6R|1589122992Z8~REF|LU|11~AMT|B6|220.35~CLP|383-4025|1|88|54.94|14.02|MB|2815300892530|11|1~NM1|QC|1|HUDGINS|NANCY||||HN|509380876A~NM1|82|1||||||XX|1962447805~MOA|||MA01~DTM|050|20151027~SVC|HC^99213|88|54.94||1~DTM|472|20151016~CAS|CO|45|17.92||253|1.12~CAS|PR|2|14.02~REF|6R|1589122957Z1~REF|LU|11~AMT|B6|70.08~CLP|314-4067|1|28|15.11|3.85|MB|2815300892700|11|1~NM1|QC|1|PALMER|LARRY||||HN|382562993A~NM1|82|1||||||XX|1962447805~MOA|||MA01~DTM|050|20151027~SVC|HC^99211^25|24|15.11||1~DTM|472|20151019~CAS|CO|45|4.73||253|.31~CAS|PR|2|3.85~REF|6R|1589122987Z1~REF|LU|11~AMT|B6|19.27~SVC|HC^94760|4|0||||1~DTM|472|20151019~CAS|CO|97|4~REF|6R|1589122987Z2~REF|LU|11~LQ|HE|M80~CLP|382-4021|1|134|81.56|20.8|MB|2815300892470|11|1~NM1|QC|1|TODD|LANA||||HN|449755855A~NM1|82|1||||||XX|1962447805~MOA|||MA01~DTM|050|20151027~SVC|HC^99214^25|130|81.56||1~DTM|472|20151016~CAS|CO|45|25.98||253|1.66~CAS|PR|2|20.8~REF|6R|1589122949Z1~REF|LU|11~AMT|B6|104.02~SVC|HC^94760|4|0||||1~DTM|472|20151016~CAS|CO|97|4~REF|6R|1589122949Z2~REF|LU|11~LQ|HE|M80~CLP|418-4022|1|130|81.56|20.8|MB|2815300892490|11|1~NM1|QC|1|TODD|MICHAEL|S|||HN|466453707A~NM1|82|1||||||XX|1962447805~MOA|||MA01|MA15~DTM|050|20151027~SVC|HC^99214^25|130|81.56||1~DTM|472|20151016~CAS|CO|45|25.98||253|1.66~CAS|PR|2|20.8~REF|6R|1589122951Z1~REF|LU|11~AMT|B6|104.02~SE|195|0001~GE|1|1528~IEA|1|000001533~