ISA|00|          |00|          |ZZ|ZIRMED         |29|E12705         |151017|1005|U|00401|000000817|0|P|^~GS|HP|ZIRMED|E12705|20151017|1005|817|X|004010X091A1~ST|835|0001~BPR|H|0|C|NON||||||||||||20151019~TRN|1|459883187|1205296137~REF|EV|E12705~DTM|405|20151016~N1|PR|NOVITAS SOLUTIONS, INC.~N3|PO BOX 3110~N4|MECHANICSBURG|PA|170551826~REF|2U|04412~PER|CX||TE|8552528782~N1|PE|SUMANA KETHA, MD PA|XX|1356565865~N3|2925 SKYWAY CIRCLE NORTH~N4|IRVING|TX|750383510~REF|TJ|201401614~LX|1~CLP|2824-3207|1|222|0||MB|2815279620950|33|1~NM1|QC|1|NORMAN|SUSAN||||HN|465116311A~NM1|82|1||||||XX|1962447805~MOA|||MA01~DTM|050|20151006~SVC|HC^99337|222|0||||1~DTM|472|20150916~CAS|CO|B9|222~REF|6R|1571316364Z1~REF|LU|33~LQ|HE|N90~CLP|6229-3150|4|121|0||MB|3215278048030|31|1~NM1|QC|1|GUPTA|VISHNU|S|||HN|454497150A~NM1|82|1||||||XX|1962447805~MOA|||MA130|MA61~DTM|050|20151005~SVC|HC^99316|121|0||||1~DTM|472|20151002~CAS|CO|140|121~REF|6R|1570129804Z1~REF|LU|31~LQ|HE|MA130~LQ|HE|MA61~SE|39|0001~ST|835|0002~BPR|I|454.35|C|ACH|CCP|01|081517693|DA|152302017594|1205296137||01|111000025|DA|004785310244|20151019~TRN|1|891311954|1205296137~REF|EV|E12705~DTM|405|20151016~N1|PR|NOVITAS SOLUTIONS, INC.~N3|PO BOX 3110~N4|MECHANICSBURG|PA|170551826~REF|2U|04412~PER|CX||TE|8552528782~N1|PE|SUMANA KETHA, MD PA|XX|1356565865~N3|2925 SKYWAY CIRCLE NORTH~N4|IRVING|TX|750383510~REF|TJ|201401614~LX|1~CLP|6081-2418|19|51|34.93|8.91|MB|2915278622900|31|1~NM1|QC|1|BURNEY JR|CLAY|P|||HN|444200368A~NM1|82|1||||||XX|1962447805~NM1|TT|2|UNITEDHEALTH GROUP|||||PI|30002~MOA|||MA01|MA18~DTM|050|20151005~SVC|HC^99307|51|34.93||1~DTM|472|20150716~CAS|CO|45|5.77||237|.68||253|.71~CAS|PR|2|8.91~REF|6R|1569826691Z1~REF|LU|31~AMT|B6|44.55~LQ|HE|N699~CLP|5583-1726|19|193|130.83|33.38|MB|2915278622910|32|1~NM1|QC|1|CRENSHAW|RAYMOND||||HN|449505453M~NM1|82|1||||||XX|1962447805~NM1|TT|2|TX HEALTH & HUMAN SERVICES COMMI|||||PI|70051~MOA|||MA01|MA07~DTM|050|20151005~SVC|HC^99306|193|130.83||1~DTM|472|20150730~CAS|CO|45|23.58||237|2.54||253|2.67~CAS|PR|2|33.38~REF|6R|1569827340Z1~REF|LU|32~AMT|B6|166.88~LQ|HE|N699~CLP|6167-3126|19|193|129.16|32.95|MB|3215278047990|31|1~NM1|QC|1|DAY|KAREN|S|||HN|458137800A~NM1|82|1||||||XX|1962447805~NM1|TT|2|TX HEALTH & HUMAN SERVICES COMMI|||||PI|70051~MOA|||MA01|MA07~DTM|050|20151005~SVC|HC^99306|193|129.16||1~DTM|472|20150930~CAS|CO|45|25.74||237|2.51||253|2.64~CAS|PR|2|32.95~REF|6R|1570056890Z1~REF|LU|31~AMT|B6|164.75~LQ|HE|N699~CLP|517-2987|19|234|159.43|40.67|MB|2815273440280|21|1~NM1|QC|1|MARTINEZ|CAROLYN||||HN|450966097A~NM1|82|1||||||XX|1962447805~NM1|TT|2|TX HEALTH & HUMAN SERVICES COMMI|||||PI|70051~MOA|||MA01|MA07~DTM|050|20150930~SVC|HC^99223|234|159.43||1~DTM|472|20150916~CAS|CO|45|27.55||237|3.1||253|3.25~CAS|PR|2|40.67~REF|6R|1566044124Z1~REF|LU|21~AMT|B6|203.35~LQ|HE|N699~SE|72|0002~GE|2|817~IEA|1|000000817~