ISA|00|          |00|          |ZZ|ZIRMED         |ZZ|PAYER          |151231|1101|U|00401|000001699|0|P|^~GS|HP|ZIRMED|PROVIDERHIS|20151231|1101|1694|X|004010X091A1~ST|835|0001~BPR|I|22.99|C|ACH|CCP|01|061000104|DA|1000187147243|1742770542||01|111000025|DA|488038453432|20151231~TRN|1|0901703959|1742770542~REF|EV|999999999999999~DTM|405|20151231~N1|PR|SUPERIOR HEALTH PLAN~N3|6070 GATEWAY EAST|SUITE 400~N4|EL PASO|TX|79905~PER|CX||TE|8002252573~N1|PE|DFW GERIATRICS PLLC|XX|1063835361~N3|2925 SKWY CIR N~N4|IRVING|TX|75038~REF|TJ|464596718~LX|1~CLP|6123-4325|2|130|22.99||HM|O358TXE05300|11|E~NM1|QC|1|HARRINGTON|SANTOARY||||MR|527686056~NM1|IL|1|HARRINGTON|SANTOARY||||MI|00185537101~NM1|82|1|KETHA|SUMANA||||XX|1962447805~REF|EA|000000002473~REF|G2|168813~SVC|HC^99214|130|22.99||1~DTM|472|20151113~CAS|CO|45|16.88~CAS|OA|23|90.13~REF|6R|1638198441Z1~REF|HPI|1962447805~AMT|B6|113.12~LQ|HE|N420~SE|29|0001~GE|1|1694~IEA|1|000001699~