ISA|00|          |00|          |ZZ|ZIRMED         |29|E12705         |150101|0636|U|00401|000000420|0|P|^~GS|HP|ZIRMED|E12705|20150101|0636|415|X|004010X091A1~ST|835|0001~BPR|H|0|C|NON||||||||||||20150102~TRN|1|458484302|1205296137~REF|EV|E12705~DTM|405|20141231~N1|PR|NOVITAS SOLUTIONS, INC.~N3|PO BOX 3110~N4|MECHANICSBURG|PA|170551826~REF|2U|04412~PER|CX||TE|8552528782~N1|PE|DFW GERIATRICS PLLC|XX|1063835361~N3|2925 SKYWAY CIRCLE NORTH~N4|IRVING|TX|750383510~REF|TJ|464596718~LX|1~CLP|285-1325|4|193|0||MB|2814358596850|31|1~NM1|QC|1|MCVAY|JD||||HN|466203547A~NM1|82|1||||||XX|1962447805~MOA|||MA130|MA61~DTM|050|20141224~SVC|HC^99306|193|0||||1~DTM|472|20141002~CAS|CO|140|193~REF|LU|31~REF|6R|1329941190Z1~LQ|HE|MA130~LQ|HE|MA61~CLP|285-1432|4|51|0||MB|2814358597230|31|1~NM1|QC|1|MCVAY|JD||||HN|466203547A~NM1|82|1||||||XX|1962447805~MOA|||MA130|MA61~DTM|050|20141224~SVC|HC^99307|51|0||||1~DTM|472|20141016~CAS|CO|140|51~REF|LU|31~REF|6R|1329970777Z1~LQ|HE|MA130~LQ|HE|MA61~CLP|285-1437|4|79|0||MB|2814358597280|31|1~NM1|QC|1|MCVAY|JD||||HN|466203547A~NM1|82|1||||||XX|1962447805~MOA|||MA130|MA61~DTM|050|20141224~SVC|HC^99308|79|0||||1~DTM|472|20141009~CAS|CO|140|79~REF|LU|31~REF|6R|1329970782Z1~LQ|HE|MA130~LQ|HE|MA61~CLP|129-679|1|104|0||MB|2814350276690|32|1~NM1|QC|1|GARN|JAMES|F|||HN|467240006A~NM1|82|1||||||XX|1962447805~MOA|||MA01~DTM|050|20141216~SVC|HC^99309|104|0||||1~DTM|472|20140908~CAS|CO|B9|104~REF|LU|32~REF|6R|1320218469Z1~LQ|HE|N90~CLP|70-736|1|104|0||MB|2814350276890|32|1~NM1|QC|1|GOLSTON|HENRIETTA||||HN|449568468A~NM1|82|1||||||XX|1962447805~MOA|||MA01~DTM|050|20141216~SVC|HC^99309|104|0||||1~DTM|472|20140903~CAS|CO|B9|104~REF|LU|32~REF|6R|1320253864Z1~LQ|HE|N90~CLP|116-729|19|51|0||MB|2814350277080|31|1~NM1|QC|1|HERVEY|EUGENE|J|||HN|449680119A~NM1|82|1||||||XX|1962447805~NM1|TT|2|GOV T EMPLOYEE S HEALTH ASSN|||||PI|80054~MOA|||MA01|MA18~DTM|050|20141216~SVC|HC^99307|51|0||||1~DTM|472|20140911~CAS|CO|B9|51~REF|LU|31~REF|6R|1320283131Z1~LQ|HE|N90~CLP|116-731|19|104|0||MB|2814350277090|31|1~NM1|QC|1|HERVEY|EUGENE|J|||HN|449680119A~NM1|82|1||||||XX|1962447805~NM1|TT|2|GOV T EMPLOYEE S HEALTH ASSN|||||PI|80054~MOA|||MA01|MA18~DTM|050|20141216~SVC|HC^99309|104|0||||1~DTM|472|20140826~CAS|CO|B9|104~REF|LU|31~REF|6R|1320283132Z1~LQ|HE|N90~CLP|9-683|1|104|0||MB|2814350276710|32|1~NM1|QC|1|KISER|BEN||||HN|456687960M~NM1|82|1||||||XX|1962447805~MOA|||MA01~DTM|050|20141216~SVC|HC^99309|104|0||||1~DTM|472|20140908~CAS|CO|B9|104~REF|LU|32~REF|6R|1320218473Z1~LQ|HE|N90~CLP|9-710|1|51|0||MB|2814350276990|32|1~NM1|QC|1|KISER|BEN||||HN|456687960M~NM1|82|1||||||XX|1962447805~MOA|||MA01~DTM|050|20141216~SVC|HC^99307|51|0||||1~DTM|472|20140916~CAS|CO|B9|51~REF|LU|32~REF|6R|1320283103Z1~LQ|HE|N90~CLP|9-651|1|51|0||MB|2814350277350|32|1~NM1|QC|1|KISER|BEN||||HN|456687960M~NM1|82|1||||||XX|1962447805~MOA|||MA01~DTM|050|20141216~SVC|HC^99307|51|0||||1~DTM|472|20140922~CAS|CO|B9|51~REF|LU|32~REF|6R|1320342582Z1~LQ|HE|N90~CLP|78-730|1|104|0||MB|2814350276850|32|1~NM1|QC|1|NELSON|HELEN|R|||HN|452520020M~NM1|82|1||||||XX|1962447805~MOA|||MA01~DTM|050|20141216~SVC|HC^99309|104|0||||1~DTM|472|20140903~CAS|CO|B9|104~REF|LU|32~REF|6R|1320253859Z1~LQ|HE|N90~SE|142|0001~ST|835|0002~BPR|I|4676.51|C|ACH|CCP|01|081517693|DA|152302017594|1205296137||01|111000025|DA|488038453432|20150102~TRN|1|889249791|1205296137~REF|EV|E12705~DTM|405|20141231~N1|PR|NOVITAS SOLUTIONS, INC.~N3|PO BOX 3110~N4|MECHANICSBURG|PA|170551826~REF|2U|04412~PER|CX||TE|8552528782~N1|PE|DFW GERIATRICS PLLC|XX|1063835361~N3|2925 SKYWAY CIRCLE NORTH~N4|IRVING|TX|750383510~REF|TJ|464596718~LX|1~CLP|254-961|1|79|51.8|13.21|MB|2914352073940|31|1~NM1|QC|1|APPEL|DARVIN||||HN|446407960A~NM1|82|1||||||XX|1962447805~MOA|||MA01~DTM|050|20141218~SVC|HC^99308|79|51.8||1~DTM|472|20141113~CAS|CO|45|12.93||253|1.06~CAS|PR|2|13.21~REF|LU|31~REF|6R|1323888683Z1~AMT|B6|66.07~CLP|119-930|19|51|33.58|8.57|MB|2914352073910|31|1~NM1|QC|1|BUNNELL|EVA|L|||HN|450201772D~NM1|82|1||||||XX|1962447805~NM1|TT|2|TX HEALTH & HUMAN SERVICES COMMI|||||PI|70051~MOA|||MA01|MA07~DTM|050|20141218~SVC|HC^99307|51|33.58||1~DTM|472|20141113~CAS|CO|45|8.16||253|.69~CAS|PR|2|8.57~REF|LU|31~REF|6R|1323888657Z1~AMT|B6|42.84~CLP|16-916|19|104|61.06|15.58|MB|2914352073190|32|1~NM1|QC|1|BURCHETT|JAMES||||HN|456441264A~NM1|82|1||||||XX|1952303547~NM1|TT|2|TX HEALTH & HUMAN SERVICES COMMI|||||PI|70051~MOA|||MA01|MA07~DTM|050|20141218~SVC|HC^99309|104|61.06||1~DTM|472|20141103~CAS|CO|45|26.11||253|1.25~CAS|PR|2|15.58~REF|LU|32~REF|6R|1323766493Z1~AMT|B6|77.89~CLP|92-919|19|79|51.8|13.21|MB|2914352073220|32|1~NM1|QC|1|COLLINS|VELMA||||HN|449463498D~NM1|82|1||||||XX|1962447805~NM1|TT|2|TX HEALTH & HUMAN SERVICES COMMI|||||PI|70051~MOA|||MA01|MA07~DTM|050|20141218~SVC|HC^99308|79|51.8||1~DTM|472|20141103~CAS|CO|45|12.93||253|1.06~CAS|PR|2|13.21~REF|LU|32~REF|6R|1323766496Z1~AMT|B6|66.07~CLP|98-921|19|79|51.8|13.21|MB|2914352073240|32|1~NM1|QC|1|DELUNA|DAVID||||HN|466927987A~NM1|82|1||||||XX|1962447805~NM1|TT|2|TX HEALTH & HUMAN SERVICES COMMI|||||PI|70051~MOA|||MA01|MA27|MA07~DTM|050|20141218~SVC|HC^99308|79|51.8||1~DTM|472|20141103~CAS|CO|45|12.93||253|1.06~CAS|PR|2|13.21~REF|LU|32~REF|6R|1323766498Z1~AMT|B6|66.07~CLP|164-965|19|104|68.25|17.41|MB|2914352073960|31|1~NM1|QC|1|DOMINGUEZ|MARIA||||HN|456542337A~NM1|82|1||||||XX|1962447805~NM1|TT|2|TX HEALTH & HUMAN SERVICES COMMI|||||PI|70051~MOA|||MA01|MA07~DTM|050|20141218~SVC|HC^99309|104|68.25||1~DTM|472|20141113~CAS|CO|45|16.95||253|1.39~CAS|PR|2|17.41~REF|LU|31~REF|6R|1323888696Z1~AMT|B6|87.05~CLP|248-897|19|120|78.09|19.92|MB|2914352074010|21|1~NM1|QC|1|DOMINGUEZ|ESTEBAN||||HN|451689602A~NM1|82|1||||||XX|1962447805~NM1|TT|2|HCSC-BCBS OF TX-FEP B ONLY|||||PI|80012~MOA|||MA01|MA18~DTM|050|20141218~SVC|HC^99233|120|78.09||1~DTM|472|20140809~CAS|CO|45|20.4||253|1.59~CAS|PR|2|19.92~REF|LU|21~REF|6R|1323911227Z1~AMT|B6|99.6~CLP|248-893|19|340|221.77|56.57|MB|2914352426570|21|1~NM1|QC|1|DOMINGUEZ|ESTEBAN||||HN|451689602A~NM1|82|1||||||XX|1962447805~NM1|TT|2|HCSC-BCBS OF TX-FEP B ONLY|||||PI|80012~MOA|||MA01|MA18~DTM|050|20141218~SVC|HC^99223^25|234|152.6||1~DTM|472|20140806~CAS|CO|45|39.36||253|3.11~CAS|PR|2|38.93~REF|LU|21~REF|6R|1323924128Z1~AMT|B6|194.64~SVC|HC^99356|106|69.17||1~DTM|472|20140806~CAS|CO|45|17.78||253|1.41~CAS|PR|2|17.64~REF|LU|21~REF|6R|1323924128Z2~AMT|B6|88.22~CLP|251-920|1|79|51.8|13.21|MB|2914352073230|32|1~NM1|QC|1|DURHAM|EMANUEL||||HN|454787983A~NM1|82|1||||||XX|1962447805~MOA|||MA01~DTM|050|20141218~SVC|HC^99308|79|51.8||1~DTM|472|20141103~CAS|CO|45|12.93||253|1.06~CAS|PR|2|13.21~REF|LU|32~REF|6R|1323766497Z1~AMT|B6|66.07~CLP|110-914|19|104|61.06|15.58|MB|2914352073180|32|1~NM1|QC|1|ELLIS|JOHNNY|R|||HN|455964775A~NM1|82|1||||||XX|1952303547~NM1|TT|2|TX HEALTH & HUMAN SERVICES COMMI|||||PI|70051~MOA|||MA01|MA07~DTM|050|20141218~SVC|HC^99309|104|61.06||1~DTM|472|20141103~CAS|CO|45|26.11||253|1.25~CAS|PR|2|15.58~REF|LU|32~REF|6R|1323766492Z1~AMT|B6|77.89~CLP|61-929|19|51|33.58|8.57|MB|2914352073900|31|1~NM1|QC|1|GEER|VIRGINIA|L|||HN|449448951D~NM1|82|1||||||XX|1962447805~NM1|TT|2|SIERRA HEALTH & LIFE INSURANCE C|||||PI|30096~MOA|||MA01|MA18~DTM|050|20141218~SVC|HC^99307|51|33.58||1~DTM|472|20141113~CAS|CO|45|8.16||253|.69~CAS|PR|2|8.57~REF|LU|31~REF|6R|1323888653Z1~AMT|B6|42.84~CLP|53-922|19|79|51.8|13.21|MB|2914352073250|32|1~NM1|QC|1|HOLLAND|TRUDY||||HN|465045111A~NM1|82|1||||||XX|1962447805~NM1|TT|2|TX HEALTH & HUMAN SERVICES COMMI|||||PI|70051~MOA|||MA01|MA07~DTM|050|20141218~SVC|HC^99308|79|51.8||1~DTM|472|20141103~CAS|CO|45|12.93||253|1.06~CAS|PR|2|13.21~REF|LU|32~REF|6R|1323766499Z1~AMT|B6|66.07~CLP|53-814|19|234|152.6|38.93|MB|2914352073640|21|1~NM1|QC|1|HOLLAND|TRUDY||||HN|465045111A~NM1|82|1||||||XX|1962447805~NM1|TT|2|TX HEALTH & HUMAN SERVICES COMMI|||||PI|70051~MOA|||MA01|MA07~DTM|050|20141218~SVC|HC^99223|234|152.6||1~DTM|472|20141014~CAS|CO|45|39.36||253|3.11~CAS|PR|2|38.93~REF|LU|21~REF|6R|1323830933Z1~AMT|B6|194.64~CLP|53-830|19|120|78.09|19.92|MB|2914352073650|21|1~NM1|QC|1|HOLLAND|TRUDY||||HN|465045111A~NM1|82|1||||||XX|1962447805~NM1|TT|2|TX HEALTH & HUMAN SERVICES COMMI|||||PI|70051~MOA|||MA01|MA07~DTM|050|20141218~SVC|HC^99233|120|78.09||1~DTM|472|20141015~CAS|CO|45|20.4||253|1.59~CAS|PR|2|19.92~REF|LU|21~REF|6R|1323830934Z1~AMT|B6|99.6~CLP|53-832|19|120|78.09|19.92|MB|2914352073660|21|1~NM1|QC|1|HOLLAND|TRUDY||||HN|465045111A~NM1|82|1||||||XX|1962447805~NM1|TT|2|TX HEALTH & HUMAN SERVICES COMMI|||||PI|70051~MOA|||MA01|MA07~DTM|050|20141218~SVC|HC^99233|120|78.09||1~DTM|472|20141016~CAS|CO|45|20.4||253|1.59~CAS|PR|2|19.92~REF|LU|21~REF|6R|1323830935Z1~AMT|B6|99.6~CLP|53-833|19|83|54.18|13.82|MB|2914352073670|21|1~NM1|QC|1|HOLLAND|TRUDY||||HN|465045111A~NM1|82|1||||||XX|1962447805~NM1|TT|2|TX HEALTH & HUMAN SERVICES COMMI|||||PI|70051~MOA|||MA01|MA07~DTM|050|20141218~SVC|HC^99232|83|54.18||1~DTM|472|20141017~CAS|CO|45|13.89||253|1.11~CAS|PR|2|13.82~REF|LU|21~REF|6R|1323830936Z1~AMT|B6|69.11~CLP|53-834|19|83|54.18|13.82|MB|2914352073680|21|1~NM1|QC|1|HOLLAND|TRUDY||||HN|465045111A~NM1|82|1||||||XX|1962447805~NM1|TT|2|TX HEALTH & HUMAN SERVICES COMMI|||||PI|70051~MOA|||MA01|MA07~DTM|050|20141218~SVC|HC^99232|83|54.18||1~DTM|472|20141018~CAS|CO|45|13.89||253|1.11~CAS|PR|2|13.82~REF|LU|21~REF|6R|1323830937Z1~AMT|B6|69.11~CLP|53-836|19|120|78.09|19.92|MB|2914352073690|21|1~NM1|QC|1|HOLLAND|TRUDY||||HN|465045111A~NM1|82|1||||||XX|1962447805~NM1|TT|2|TX HEALTH & HUMAN SERVICES COMMI|||||PI|70051~MOA|||MA01|MA07~DTM|050|20141218~SVC|HC^99233|120|78.09||1~DTM|472|20141019~CAS|CO|45|20.4||253|1.59~CAS|PR|2|19.92~REF|LU|21~REF|6R|1323830938Z1~AMT|B6|99.6~CLP|53-837|19|120|78.09|19.92|MB|2914352073700|21|1~NM1|QC|1|HOLLAND|TRUDY||||HN|465045111A~NM1|82|1||||||XX|1962447805~NM1|TT|2|TX HEALTH & HUMAN SERVICES COMMI|||||PI|70051~MOA|||MA01|MA07~DTM|050|20141218~SVC|HC^99233|120|78.09||1~DTM|472|20141020~CAS|CO|45|20.4||253|1.59~CAS|PR|2|19.92~REF|LU|21~REF|6R|1323830939Z1~AMT|B6|99.6~CLP|53-838|19|83|54.18|13.82|MB|2914352073710|21|1~NM1|QC|1|HOLLAND|TRUDY||||HN|465045111A~NM1|82|1||||||XX|1962447805~NM1|TT|2|TX HEALTH & HUMAN SERVICES COMMI|||||PI|70051~MOA|||MA01|MA07~DTM|050|20141218~SVC|HC^99232|83|54.18||1~DTM|472|20141021~CAS|CO|45|13.89||253|1.11~CAS|PR|2|13.82~REF|LU|21~REF|6R|1323830940Z1~AMT|B6|69.11~CLP|53-840|19|83|54.18|13.82|MB|2914352073720|21|1~NM1|QC|1|HOLLAND|TRUDY||||HN|465045111A~NM1|82|1||||||XX|1962447805~NM1|TT|2|TX HEALTH & HUMAN SERVICES COMMI|||||PI|70051~MOA|||MA01|MA07~DTM|050|20141218~SVC|HC^99232|83|54.18||1~DTM|472|20141022~CAS|CO|45|13.89||253|1.11~CAS|PR|2|13.82~REF|LU|21~REF|6R|1323830941Z1~AMT|B6|69.11~CLP|53-841|19|120|78.09|19.92|MB|2914352073730|21|1~NM1|QC|1|HOLLAND|TRUDY||||HN|465045111A~NM1|82|1||||||XX|1962447805~NM1|TT|2|TX HEALTH & HUMAN SERVICES COMMI|||||PI|70051~MOA|||MA01|MA07~DTM|050|20141218~SVC|HC^99233|120|78.09||1~DTM|472|20141023~CAS|CO|45|20.4||253|1.59~CAS|PR|2|19.92~REF|LU|21~REF|6R|1323830942Z1~AMT|B6|99.6~CLP|53-842|19|83|54.18|13.82|MB|2914352073740|21|1~NM1|QC|1|HOLLAND|TRUDY||||HN|465045111A~NM1|82|1||||||XX|1962447805~NM1|TT|2|TX HEALTH & HUMAN SERVICES COMMI|||||PI|70051~MOA|||MA01|MA07~DTM|050|20141218~SVC|HC^99232|83|54.18||1~DTM|472|20141024~CAS|CO|45|13.89||253|1.11~CAS|PR|2|13.82~REF|LU|21~REF|6R|1323830943Z1~AMT|B6|69.11~CLP|53-843|19|83|54.18|13.82|MB|2914352073750|21|1~NM1|QC|1|HOLLAND|TRUDY||||HN|465045111A~NM1|82|1||||||XX|1962447805~NM1|TT|2|TX HEALTH & HUMAN SERVICES COMMI|||||PI|70051~MOA|||MA01|MA07~DTM|050|20141218~SVC|HC^99232|83|54.18||1~DTM|472|20141025~CAS|CO|45|13.89||253|1.11~CAS|PR|2|13.82~REF|LU|21~REF|6R|1323830944Z1~AMT|B6|69.11~CLP|53-845|19|123|80.52|20.54|MB|2914352073760|21|1~NM1|QC|1|HOLLAND|TRUDY||||HN|465045111A~NM1|82|1||||||XX|1962447805~NM1|TT|2|TX HEALTH & HUMAN SERVICES COMMI|||||PI|70051~MOA|||MA01|MA07~DTM|050|20141218~SVC|HC^99239|123|80.52||1~DTM|472|20141026~CAS|CO|45|20.3||253|1.64~CAS|PR|2|20.54~REF|LU|21~REF|6R|1323830945Z1~AMT|B6|102.7~CLP|53-937|19|51|33.58|8.57|MB|2914352073780|32|1~NM1|QC|1|HOLLAND|TRUDY||||HN|465045111A~NM1|82|1||||||XX|1962447805~NM1|TT|2|TX HEALTH & HUMAN SERVICES COMMI|||||PI|70051~MOA|||MA01|MA07~DTM|050|20141218~SVC|HC^99307|51|33.58||1~DTM|472|20140519~CAS|CO|45|8.16||253|.69~CAS|PR|2|8.57~REF|LU|32~REF|6R|1323834172Z1~AMT|B6|42.84~CLP|219-951|19|109|63.87|16.29|MB|2914352073860|33|1~NM1|QC|1|HOOVER|MINNIE|B|||HN|465549405M~NM1|82|1||||||XX|1952303547~NM1|TT|2|TX HEALTH & HUMAN SERVICES COMMI|||||PI|70051~MOA|||MA01|MA07~DTM|050|20141218~SVC|HC^99335|109|63.87||1~DTM|472|20141113~CAS|CO|45|27.54||253|1.3~CAS|PR|2|16.29~REF|LU|33~REF|6R|1323876620Z1~AMT|B6|81.46~CLP|226-851|19|234|152.6|38.93|MB|2914352073530|21|1~NM1|QC|1|HOUSE|MELVIN||||HN|271329525A~NM1|82|1||||||XX|1962447805~NM1|TT|2|TX HEALTH & HUMAN SERVICES COMMI|||||PI|70051~MOA|||MA01|MA07~DTM|050|20141218~SVC|HC^99223|234|152.6||1~DTM|472|20141017~CAS|CO|45|39.36||253|3.11~CAS|PR|2|38.93~REF|LU|21~REF|6R|1323801860Z1~AMT|B6|194.64~CLP|226-852|19|120|78.09|19.92|MB|2914352073540|21|1~NM1|QC|1|HOUSE|MELVIN||||HN|271329525A~NM1|82|1||||||XX|1962447805~NM1|TT|2|TX HEALTH & HUMAN SERVICES COMMI|||||PI|70051~MOA|||MA01|MA07~DTM|050|20141218~SVC|HC^99233|120|78.09||1~DTM|472|20141018~CAS|CO|45|20.4||253|1.59~CAS|PR|2|19.92~REF|LU|21~REF|6R|1323801861Z1~AMT|B6|99.6~CLP|226-853|19|120|78.09|19.92|MB|2914352073550|21|1~NM1|QC|1|HOUSE|MELVIN||||HN|271329525A~NM1|82|1||||||XX|1962447805~NM1|TT|2|TX HEALTH & HUMAN SERVICES COMMI|||||PI|70051~MOA|||MA01|MA07~DTM|050|20141218~SVC|HC^99233|120|78.09||1~DTM|472|20141019~CAS|CO|45|20.4||253|1.59~CAS|PR|2|19.92~REF|LU|21~REF|6R|1323801862Z1~AMT|B6|99.6~CLP|226-855|19|83|54.18|13.82|MB|2914352073560|21|1~NM1|QC|1|HOUSE|MELVIN||||HN|271329525A~NM1|82|1||||||XX|1962447805~NM1|TT|2|TX HEALTH & HUMAN SERVICES COMMI|||||PI|70051~MOA|||MA01|MA07~DTM|050|20141218~SVC|HC^99232|83|54.18||1~DTM|472|20141020~CAS|CO|45|13.89||253|1.11~CAS|PR|2|13.82~REF|LU|21~REF|6R|1323801863Z1~AMT|B6|69.11~CLP|226-856|19|120|78.09|19.92|MB|2914352073570|21|1~NM1|QC|1|HOUSE|MELVIN||||HN|271329525A~NM1|82|1||||||XX|1962447805~NM1|TT|2|TX HEALTH & HUMAN SERVICES COMMI|||||PI|70051~MOA|||MA01|MA07~DTM|050|20141218~SVC|HC^99233|120|78.09||1~DTM|472|20141021~CAS|CO|45|20.4||253|1.59~CAS|PR|2|19.92~REF|LU|21~REF|6R|1323801864Z1~AMT|B6|99.6~CLP|226-857|19|83|54.18|13.82|MB|2914352073580|21|1~NM1|QC|1|HOUSE|MELVIN||||HN|271329525A~NM1|82|1||||||XX|1962447805~NM1|TT|2|TX HEALTH & HUMAN SERVICES COMMI|||||PI|70051~MOA|||MA01|MA07~DTM|050|20141218~SVC|HC^99232|83|54.18||1~DTM|472|20141022~CAS|CO|45|13.89||253|1.11~CAS|PR|2|13.82~REF|LU|21~REF|6R|1323801865Z1~AMT|B6|69.11~CLP|226-859|19|120|78.09|19.92|MB|2914352073590|21|1~NM1|QC|1|HOUSE|MELVIN||||HN|271329525A~NM1|82|1||||||XX|1962447805~NM1|TT|2|TX HEALTH & HUMAN SERVICES COMMI|||||PI|70051~MOA|||MA01|MA07~DTM|050|20141218~SVC|HC^99233|120|78.09||1~DTM|472|20141023~CAS|CO|45|20.4||253|1.59~CAS|PR|2|19.92~REF|LU|21~REF|6R|1323801866Z1~AMT|B6|99.6~CLP|226-860|19|83|54.18|13.82|MB|2914352073600|21|1~NM1|QC|1|HOUSE|MELVIN||||HN|271329525A~NM1|82|1||||||XX|1962447805~NM1|TT|2|TX HEALTH & HUMAN SERVICES COMMI|||||PI|70051~MOA|||MA01|MA07~DTM|050|20141218~SVC|HC^99232|83|54.18||1~DTM|472|20141024~CAS|CO|45|13.89||253|1.11~CAS|PR|2|13.82~REF|LU|21~REF|6R|1323801867Z1~AMT|B6|69.11~CLP|226-861|19|83|54.18|13.82|MB|2914352073610|21|1~NM1|QC|1|HOUSE|MELVIN||||HN|271329525A~NM1|82|1||||||XX|1962447805~NM1|TT|2|TX HEALTH & HUMAN SERVICES COMMI|||||PI|70051~MOA|||MA01|MA07~DTM|050|20141218~SVC|HC^99232|83|54.18||1~DTM|472|20141025~CAS|CO|45|13.89||253|1.11~CAS|PR|2|13.82~REF|LU|21~REF|6R|1323801868Z1~AMT|B6|69.11~CLP|226-864|19|123|80.52|20.54|MB|2914352073620|21|1~NM1|QC|1|HOUSE|MELVIN||||HN|271329525A~NM1|82|1||||||XX|1962447805~NM1|TT|2|TX HEALTH & HUMAN SERVICES COMMI|||||PI|70051~MOA|||MA01|MA07~DTM|050|20141218~SVC|HC^99239|123|80.52||1~DTM|472|20141027~CAS|CO|45|20.3||253|1.64~CAS|PR|2|20.54~REF|LU|21~REF|6R|1323801869Z1~AMT|B6|102.7~CLP|226-863|19|83|54.18|13.82|MB|2914352073630|21|1~NM1|QC|1|HOUSE|MELVIN||||HN|271329525A~NM1|82|1||||||XX|1962447805~NM1|TT|2|TX HEALTH & HUMAN SERVICES COMMI|||||PI|70051~MOA|||MA01|MA07~DTM|050|20141218~SVC|HC^99232|83|54.18||1~DTM|472|20141026~CAS|CO|45|13.89||253|1.11~CAS|PR|2|13.82~REF|LU|21~REF|6R|1323801870Z1~AMT|B6|69.11~CLP|255-963|19|104|68.25|17.41|MB|2914352073950|31|1~NM1|QC|1|JOHNSON|PEGGY||||HN|460526778A~NM1|82|1||||||XX|1962447805~NM1|TT|2|SIERRA HEALTH & LIFE INSURANCE C|||||PI|30096~MOA|||MA01|MA18~DTM|050|20141218~SVC|HC^99309|104|68.25||1~DTM|472|20141113~CAS|CO|45|16.95||253|1.39~CAS|PR|2|17.41~REF|LU|31~REF|6R|1323888685Z1~AMT|B6|87.05~CLP|144-964|19|79|51.8|13.21|MB|2914352073880|31|1~NM1|QC|1|JONES|FRANCES|C|||HN|254282932D6~NM1|82|1||||||XX|1962447805~NM1|TT|2|UNITEDHEALTH GROUP|||||PI|30002~MOA|||MA01|MA18~DTM|050|20141218~SVC|HC^99308|79|51.8||1~DTM|472|20141113~CAS|CO|45|12.93||253|1.06~CAS|PR|2|13.21~REF|LU|31~REF|6R|1323883266Z1~AMT|B6|66.07~CLP|158-939|19|51|33.58|8.57|MB|2914352073800|32|1~NM1|QC|1|LUCKETT|MARY||||HN|523464493A~NM1|82|1||||||XX|1962447805~NM1|TT|2|TX HEALTH & HUMAN SERVICES COMMI|||||PI|70051~MOA|||MA01|MA07~DTM|050|20141218~SVC|HC^99307|51|33.58||1~DTM|472|20140519~CAS|CO|45|8.16||253|.69~CAS|PR|2|8.57~REF|LU|32~REF|6R|1323834174Z1~AMT|B6|42.84~CLP|29-967|19|79|51.8|13.21|MB|2914352073980|31|1~NM1|QC|1|MOFFATT|RUBY|S|||HN|511149871B~NM1|82|1||||||XX|1962447805~NM1|TT|2|NORTH AMERICAN INSURANCE COMPANY|||||PI|30155~MOA|||MA01|MA18~DTM|050|20141218~SVC|HC^99308|79|51.8||1~DTM|472|20141113~CAS|CO|45|12.93||253|1.06~CAS|PR|2|13.21~REF|LU|31~REF|6R|1323888709Z1~AMT|B6|66.07~CLP|113-966|19|155|101.51|25.89|MB|2914352073970|31|1~NM1|QC|1|MOORE|ERNEST|A|||HN|563407942A~NM1|82|1||||||XX|1962447805~NM1|TT|2|AETNA, INC.|||||PI|00060~MOA|||MA01|MA18~DTM|050|20141218~SVC|HC^99310|155|101.51||1~DTM|472|20141113~CAS|CO|45|25.53||253|2.07~CAS|PR|2|25.89~REF|LU|31~REF|6R|1323888700Z1~AMT|B6|129.47~CLP|46-782|19|234|152.6|38.93|MB|2914352073290|21|1~NM1|QC|1|NORMAN|SUSAN|C|||HN|465116311A~NM1|82|1||||||XX|1962447805~NM1|TT|2|TX HEALTH & HUMAN SERVICES COMMI|||||PI|70051~MOA|||MA01|MA07~DTM|050|20141218~SVC|HC^99223|234|152.6||1~DTM|472|20140922~CAS|CO|45|39.36||253|3.11~CAS|PR|2|38.93~REF|LU|21~REF|6R|1323778194Z1~AMT|B6|194.64~CLP|46-783|19|120|78.09|19.92|MB|2914352073300|21|1~NM1|QC|1|NORMAN|SUSAN|C|||HN|465116311A~NM1|82|1||||||XX|1962447805~NM1|TT|2|TX HEALTH & HUMAN SERVICES COMMI|||||PI|70051~MOA|||MA01|MA07~DTM|050|20141218~SVC|HC^99233|120|78.09||1~DTM|472|20140923~CAS|CO|45|20.4||253|1.59~CAS|PR|2|19.92~REF|LU|21~REF|6R|1323778195Z1~AMT|B6|99.6~CLP|46-784|19|120|78.09|19.92|MB|2914352073310|21|1~NM1|QC|1|NORMAN|SUSAN|C|||HN|465116311A~NM1|82|1||||||XX|1962447805~NM1|TT|2|TX HEALTH & HUMAN SERVICES COMMI|||||PI|70051~MOA|||MA01|MA07~DTM|050|20141218~SVC|HC^99233|120|78.09||1~DTM|472|20140924~CAS|CO|45|20.4||253|1.59~CAS|PR|2|19.92~REF|LU|21~REF|6R|1323778196Z1~AMT|B6|99.6~CLP|46-786|19|83|54.18|13.82|MB|2914352073320|21|1~NM1|QC|1|NORMAN|SUSAN|C|||HN|465116311A~NM1|82|1||||||XX|1962447805~NM1|TT|2|TX HEALTH & HUMAN SERVICES COMMI|||||PI|70051~MOA|||MA01|MA07~DTM|050|20141218~SVC|HC^99232|83|54.18||1~DTM|472|20140926~CAS|CO|45|13.89||253|1.11~CAS|PR|2|13.82~REF|LU|21~REF|6R|1323778197Z1~AMT|B6|69.11~CLP|46-785|19|83|54.18|13.82|MB|2914352073330|21|1~NM1|QC|1|NORMAN|SUSAN|C|||HN|465116311A~NM1|82|1||||||XX|1962447805~NM1|TT|2|TX HEALTH & HUMAN SERVICES COMMI|||||PI|70051~MOA|||MA01|MA07~DTM|050|20141218~SVC|HC^99232|83|54.18||1~DTM|472|20140925~CAS|CO|45|13.89||253|1.11~CAS|PR|2|13.82~REF|LU|21~REF|6R|1323778198Z1~AMT|B6|69.11~CLP|46-787|19|120|78.09|19.92|MB|2914352073340|21|1~NM1|QC|1|NORMAN|SUSAN|C|||HN|465116311A~NM1|82|1||||||XX|1962447805~NM1|TT|2|TX HEALTH & HUMAN SERVICES COMMI|||||PI|70051~MOA|||MA01|MA07~DTM|050|20141218~SVC|HC^99233|120|78.09||1~DTM|472|20140927~CAS|CO|45|20.4||253|1.59~CAS|PR|2|19.92~REF|LU|21~REF|6R|1323778199Z1~AMT|B6|99.6~CLP|46-788|19|120|78.09|19.92|MB|2914352073350|21|1~NM1|QC|1|NORMAN|SUSAN|C|||HN|465116311A~NM1|82|1||||||XX|1962447805~NM1|TT|2|TX HEALTH & HUMAN SERVICES COMMI|||||PI|70051~MOA|||MA01|MA07~DTM|050|20141218~SVC|HC^99233|120|78.09||1~DTM|472|20140928~CAS|CO|45|20.4||253|1.59~CAS|PR|2|19.92~REF|LU|21~REF|6R|1323778200Z1~AMT|B6|99.6~CLP|46-789|19|83|54.18|13.82|MB|2914352073360|21|1~NM1|QC|1|NORMAN|SUSAN|C|||HN|465116311A~NM1|82|1||||||XX|1962447805~NM1|TT|2|TX HEALTH & HUMAN SERVICES COMMI|||||PI|70051~MOA|||MA01|MA07~DTM|050|20141218~SVC|HC^99232|83|54.18||1~DTM|472|20140929~CAS|CO|45|13.89||253|1.11~CAS|PR|2|13.82~REF|LU|21~REF|6R|1323778201Z1~AMT|B6|69.11~CLP|46-790|19|120|78.09|19.92|MB|2914352073370|21|1~NM1|QC|1|NORMAN|SUSAN|C|||HN|465116311A~NM1|82|1||||||XX|1962447805~NM1|TT|2|TX HEALTH & HUMAN SERVICES COMMI|||||PI|70051~MOA|||MA01|MA07~DTM|050|20141218~SVC|HC^99233|120|78.09||1~DTM|472|20140930~CAS|CO|45|20.4||253|1.59~CAS|PR|2|19.92~REF|LU|21~REF|6R|1323778202Z1~AMT|B6|99.6~CLP|46-791|19|120|78.09|19.92|MB|2914352073380|21|1~NM1|QC|1|NORMAN|SUSAN|C|||HN|465116311A~NM1|82|1||||||XX|1962447805~NM1|TT|2|TX HEALTH & HUMAN SERVICES COMMI|||||PI|70051~MOA|||MA01|MA07~DTM|050|20141218~SVC|HC^99233|120|78.09||1~DTM|472|20141001~CAS|CO|45|20.4||253|1.59~CAS|PR|2|19.92~REF|LU|21~REF|6R|1323778203Z1~AMT|B6|99.6~CLP|46-792|19|234|152.6|38.93|MB|2914352073390|21|1~NM1|QC|1|NORMAN|SUSAN|C|||HN|465116311A~NM1|82|1||||||XX|1962447805~NM1|TT|2|TX HEALTH & HUMAN SERVICES COMMI|||||PI|70051~MOA|||MA01|MA07~DTM|050|20141218~SVC|HC^99223|234|152.6||1~DTM|472|20141002~CAS|CO|45|39.36||253|3.11~CAS|PR|2|38.93~REF|LU|21~REF|6R|1323778204Z1~AMT|B6|194.64~CLP|46-794|19|123|80.52|20.54|MB|2914352073400|21|1~NM1|QC|1|NORMAN|SUSAN|C|||HN|465116311A~NM1|82|1||||||XX|1962447805~NM1|TT|2|TX HEALTH & HUMAN SERVICES COMMI|||||PI|70051~MOA|||MA01|MA07~DTM|050|20141218~SVC|HC^99239|123|80.52||1~DTM|472|20141004~CAS|CO|45|20.3||253|1.64~CAS|PR|2|20.54~REF|LU|21~REF|6R|1323778205Z1~AMT|B6|102.7~CLP|46-793|19|83|54.18|13.82|MB|2914352073410|21|1~NM1|QC|1|NORMAN|SUSAN|C|||HN|465116311A~NM1|82|1||||||XX|1962447805~NM1|TT|2|TX HEALTH & HUMAN SERVICES COMMI|||||PI|70051~MOA|||MA01|MA07~DTM|050|20141218~SVC|HC^99232|83|54.18||1~DTM|472|20141003~CAS|CO|45|13.89||253|1.11~CAS|PR|2|13.82~REF|LU|21~REF|6R|1323778206Z1~AMT|B6|69.11~CLP|186-969|19|104|68.25|17.41|MB|2914352073990|31|1~NM1|QC|1|PITMAN|JERRY|R|||HN|452401970A~NM1|82|1||||||XX|1962447805~NM1|TT|2|TX HEALTH & HUMAN SERVICES COMMI|||||PI|70051~MOA|||MA01|MA07~DTM|050|20141218~SVC|HC^99309|104|68.25||1~DTM|472|20141113~CAS|CO|45|16.95||253|1.39~CAS|PR|2|17.41~REF|LU|31~REF|6R|1323888728Z1~AMT|B6|87.05~CLP|31-923|19|79|51.8|13.21|MB|2914352073270|32|1~NM1|QC|1|ROSS|RUTH|E|||HN|459603783D~NM1|82|1||||||XX|1962447805~NM1|TT|2|TX HEALTH & HUMAN SERVICES COMMI|||||PI|70051~MOA|||MA01|MA07~DTM|050|20141218~SVC|HC^99308|79|51.8||1~DTM|472|20141103~CAS|CO|45|12.93||253|1.06~CAS|PR|2|13.21~REF|LU|32~REF|6R|1323766502Z1~AMT|B6|66.07~CLP|26-946|19|109|71.38|18.21|MB|2914352073850|33|1~NM1|QC|1|ROWDEN|LESLIE||||HN|466689188C1~NM1|82|1||||||XX|1962447805~NM1|TT|2|TX HEALTH & HUMAN SERVICES COMMI|||||PI|70051~MOA|||MA01|MA07~DTM|050|20141218~SVC|HC^99335|109|71.38||1~DTM|472|20141113~CAS|CO|45|17.95||253|1.46~CAS|PR|2|18.21~REF|LU|33~REF|6R|1323874161Z1~AMT|B6|91.05~CLP|19-940|19|51|33.58|8.57|MB|2914352073840|32|1~NM1|QC|1|RYLANDER|RICHARD||||HN|435661924A~NM1|82|1||||||XX|1962447805~NM1|TT|2|TX HEALTH & HUMAN SERVICES COMMI|||||PI|70051~MOA|||MA01|MA07~DTM|050|20141218~SVC|HC^99307|51|33.58||1~DTM|472|20140519~CAS|CO|45|8.16||253|.69~CAS|PR|2|8.57~REF|LU|32~REF|6R|1323841525Z1~AMT|B6|42.84~CLP|38-925|19|79|51.8|13.21|MB|2914352073260|32|1~NM1|QC|1|SMITH|IVORY|D|||HN|466683089A~NM1|82|1||||||XX|1962447805~NM1|TT|2|TX HEALTH & HUMAN SERVICES COMMI|||||PI|70051~MOA|||MA01|MA07~DTM|050|20141218~SVC|HC^99308|79|51.8||1~DTM|472|20141103~CAS|CO|45|12.93||253|1.06~CAS|PR|2|13.21~REF|LU|32~REF|6R|1323766501Z1~AMT|B6|66.07~CLP|149-926|19|79|51.8|13.21|MB|2914352073280|32|1~NM1|QC|1|SMITH|KAREN||||HN|464080734A~NM1|82|1||||||XX|1962447805~NM1|TT|2|TX HEALTH & HUMAN SERVICES COMMI|||||PI|70051~MOA|||MA01|MA07~DTM|050|20141218~SVC|HC^99308|79|51.8||1~DTM|472|20141103~CAS|CO|45|12.93||253|1.06~CAS|PR|2|13.21~REF|LU|32~REF|6R|1323766504Z1~AMT|B6|66.07~CLP|44-907|19|104|61.06|15.58|MB|2914352073150|32|1~NM1|QC|1|STEWARD|OTIS LEE||||HN|450965045A~NM1|82|1||||||XX|1952303547~NM1|TT|2|TX HEALTH & HUMAN SERVICES COMMI|||||PI|70051~MOA|||MA01|MA07~DTM|050|20141218~SVC|HC^99309|104|61.06||1~DTM|472|20141103~CAS|CO|45|26.11||253|1.25~CAS|PR|2|15.58~REF|LU|32~REF|6R|1323766489Z1~AMT|B6|77.89~CLP|44-942|19|51|33.58|8.57|MB|2914352073810|32|1~NM1|QC|1|STEWARD|OTIS LEE||||HN|450965045A~NM1|82|1||||||XX|1962447805~NM1|TT|2|TX HEALTH & HUMAN SERVICES COMMI|||||PI|70051~MOA|||MA01|MA07~DTM|050|20141218~SVC|HC^99307|51|33.58||1~DTM|472|20140519~CAS|CO|45|8.16||253|.69~CAS|PR|2|8.57~REF|LU|32~REF|6R|1323834176Z1~AMT|B6|42.84~CLP|105-962|19|104|68.25|17.41|MB|2914352073870|31|1~NM1|QC|1|THOMPSON|DORIS|W|||HN|466443779A~NM1|82|1||||||XX|1962447805~NM1|TT|2|CHCS SERVICES INC|||||PI|80255~MOA|||MA01|MA18~DTM|050|20141218~SVC|HC^99309|104|68.25||1~DTM|472|20141113~CAS|CO|45|16.95||253|1.39~CAS|PR|2|17.41~REF|LU|31~REF|6R|1323883167Z1~AMT|B6|87.05~CLP|181-928|19|51|33.58|8.57|MB|2914352073890|31|1~NM1|QC|1|WILLIAMS|OSCAR|D|||HN|449343970A~NM1|82|1||||||XX|1962447805~NM1|TT|2|TX HEALTH & HUMAN SERVICES COMMI|||||PI|70051~MOA|||MA01|MA07~DTM|050|20141218~SVC|HC^99307|51|33.58||1~DTM|472|20141113~CAS|CO|45|8.16||253|.69~CAS|PR|2|8.57~REF|LU|31~REF|6R|1323888648Z1~AMT|B6|42.84~CLP|34-912|19|104|61.06|15.58|MB|2914352073170|32|1~NM1|QC|1|WOODARD|SEYMOUR||||HN|459749510A~NM1|82|1||||||XX|1952303547~NM1|TT|2|TX HEALTH & HUMAN SERVICES COMMI|||||PI|70051~MOA|||MA01|MA07~DTM|050|20141218~SVC|HC^99309|104|61.06||1~DTM|472|20141103~CAS|CO|45|26.11||253|1.25~CAS|PR|2|15.58~REF|LU|32~REF|6R|1323766491Z1~AMT|B6|77.89~CLP|34-936|19|51|33.58|8.57|MB|2914352073770|32|1~NM1|QC|1|WOODARD|SEYMOUR||||HN|459749510A~NM1|82|1||||||XX|1962447805~NM1|TT|2|TX HEALTH & HUMAN SERVICES COMMI|||||PI|70051~MOA|||MA01|MA07~DTM|050|20141218~SVC|HC^99307|51|33.58||1~DTM|472|20140519~CAS|CO|45|8.16||253|.69~CAS|PR|2|8.57~REF|LU|32~REF|6R|1323834171Z1~AMT|B6|42.84~SE|905|0002~GE|2|415~IEA|1|000000420~