ISA|00|          |00|          |ZZ|ZIRMED         |ZZ|PAYER          |150902|0832|U|00401|000001286|0|P|^~GS|HP|ZIRMED|PROVIDERHIS|20150902|0832|1281|X|004010X091A1~ST|835|0001~BPR|H|0|C|NON||||||||||||20150902~TRN|1|X300104740|1742770542~REF|EV|999999999999999~DTM|405|20150902~N1|PR|ADVANTAGE BY SUPERIOR~N3|2100 SOUTH IH 35, SUITE 202~N4|AUSTIN|TX|78704~N1|PE|DFW GERIATRICS PLLC|XX|1063835361~N3|2925 SKWY CIR N~N4|IRVING|TX|75038~REF|TJ|464596718~LX|1~CLP|384-3675|1|130|0|114.4|HM|O239MCE04156|11|E~NM1|QC|1|DRAKE JR|THOMAS||||MR|C0008306501~NM1|IL|1|DRAKE JR|THOMAS||||MI|C0008306501~NM1|82|1|KETHA|SUMANA||||XX|1962447805~REF|EA|000000000438~REF|G2|690002~SVC|HC^99214|130|0||1~DTM|472|20150825~CAS|CO|45|15.6~CAS|PR|1|114.4|1~REF|6R|1538315669Z1~REF|HPI|1962447805~AMT|B6|114.4~SE|27|0001~GE|1|1281~IEA|1|000001286~