ISA|00|          |00|          |ZZ|ZIRMED         |30|611340767      |150525|0450|U|00401|000000979|0|P|^~GS|HP|ZIRMED|611340767|20150525|0450|974|X|004010X091A1~ST|835|0001~BPR|H|0|C|NON||||||||||||20150525~TRN|1|915145580002095|1066033492~REF|EV|611340767~DTM|405|20150525~N1|PR|AETNA~N3|151 FARMINGTON AVENUE~N4|HARTFORD|CT|06156~N1|PE|KETHA, SUMANA|XX|1063835361~N3|2925 SKYWAY CIR N~N4|IRVING|TX|750383510~REF|PQ|762610840~REF|TJ|464596718~LX|1~TS3|1063835361|11|20151231|1|130~CLP|3592-2870|1|130|0|127.31|13|E3TWL16TW0000|11|1~NM1|QC|1|WILLIAMS|JERNEDRA||||MI|W208828971~NM1|82|1|KETHA|SUMANA||||XX|1063835361~REF|1L|0865348-011-00001- A~REF|CE|AETNA HEALTHFUND  AETNA CHOICE  POS II NET 00338~DTM|232|20150413~DTM|233|20150413~DTM|050|20150518~PER|CX||TE|8886323862~AMT|AU|130~SVC|HC^99214|130|0||1~DTM|472|20150413~CAS|CO|45|2.69~CAS|PR|1|127.31~REF|6R|1451623931Z1~AMT|B6|127.31~SE|32|0001~GE|1|974~IEA|1|000000979~