ISA|00|          |00|          |ZZ|ZIRMED         |ZZ|11             |150928|0845|U|00401|000001409|0|P|^~GS|HP|ZIRMED|FIS123456789|20150928|0845|1404|X|004010X091A1~ST|835|0001~BPR|I|279.02|C|ACH|CCP|01|092904554|DA|150097034071|1201494502||01|111000025|DA|488038453432|20150925~TRN|1|EFT2840164|1201494502~REF|EV|FIS123456789~REF|F2|TXMC QNXT~DTM|405|20150924~N1|PR|MOLINA HEALTHCARE OF TEXAS, INC~N3|2505 N. STATE HIGHWAY 360|STE 300~N4|GRAND PRAIRIE|TX|75050~N1|PE|DFW PRIMARY CARE PLLC|XX|1063835361~N3|2925 SKYWAY CICLE NORTH~N4|IRVING|TX|750383510~REF|TJ|464596718~LX|1~CLP|1128-3829|1|467|279.02||MC|15265938714~NM1|QC|1|MARTINEZ|MARTIN||||MI|530608840~NM1|82|1|KETHA|SUMANA||||XX|1962447805~REF|CE|TQMBPL6979~DTM|232|20150911~DTM|233|20150911~DTM|050|20150922~AMT|AU|467~SVC|HC^99214^25|130|46.73||1~DTM|472|20150911~CAS|CO|45|83.27~REF|6R|1558196859Z1~AMT|B6|46.73~SVC|HC^95923|252|206.63||1~DTM|472|20150911~CAS|CO|45|45.37~REF|6R|1558196859Z2~AMT|B6|206.63~SVC|HC^96372|29|0||1~DTM|472|20150911~CAS|CO|16|29~REF|6R|1558196859Z3~LQ|HE|N56~SVC|HC^90654|23|17.82||1~DTM|472|20150911~CAS|CO|45|5.18~REF|6R|1558196859Z4~AMT|B6|17.82~SVC|HC^90471|33|7.84||1~DTM|472|20150911~CAS|CO|45|25.16~REF|6R|1558196859Z5~AMT|B6|7.84~SE|48|0001~GE|1|1404~IEA|1|000001409~