ISA|00|          |00|          |ZZ|ZIRMED         |29|E12705         |150106|0834|U|00401|000000431|0|P|^~GS|HP|ZIRMED|E12705|20150106|0834|426|X|004010X091A1~ST|835|0001~BPR|I|4153.5|C|ACH|CCP|01|081517693|DA|152302017594|1205296137||01|111000025|DA|488038453432|20150106~TRN|1|889271073|1205296137~REF|EV|E12705~DTM|405|20150105~N1|PR|NOVITAS SOLUTIONS, INC.~N3|PO BOX 3110~N4|MECHANICSBURG|PA|170551826~REF|2U|04412~PER|CX||TE|8552528782~N1|PE|DFW GERIATRICS PLLC|XX|1063835361~N3|2925 SKYWAY CIRCLE NORTH~N4|IRVING|TX|750383510~REF|TJ|464596718~LX|1~CLP|270-1255|19|104|61.06|15.58|MB|2914357082670|31|1~NM1|QC|1|AMEZCUA|MARTHA||||HN|353488101D~NM1|82|1||||||XX|1952303547~NM1|TT|2|TX HEALTH & HUMAN SERVICES COMMI|||||PI|70051~MOA|||MA01|MA07~DTM|050|20141223~SVC|HC^99309|104|61.06||1~DTM|472|20141020~CAS|CO|45|26.11||253|1.25~CAS|PR|2|15.58~REF|LU|31~REF|6R|1327941112Z1~AMT|B6|77.89~CLP|278-1240|19|155|101.51|25.89|MB|2914357082480|31|1~NM1|QC|1|BARNETT|WALTER|L|||HN|458342969A~NM1|82|1||||||XX|1962447805~NM1|TT|2|SIERRA HEALTH & LIFE INSURANCE C|||||PI|30096~MOA|||MA01|MA18~DTM|050|20141223~SVC|HC^99310|155|101.51||1~DTM|472|20141029~CAS|CO|45|25.53||253|2.07~CAS|PR|2|25.89~REF|LU|31~REF|6R|1327934332Z1~AMT|B6|129.47~CLP|97-1288|19|155|101.51|25.89|MB|2914357082890|31|1~NM1|QC|1|BLANCO|DANIEL|R|||HN|460120017A~NM1|82|1||||||XX|1962447805~NM1|TT|2|TX HEALTH & HUMAN SERVICES COMMI|||||PI|70051~MOA|||MA01|MA07~DTM|050|20141223~SVC|HC^99310|155|101.51||1~DTM|472|20141013~CAS|CO|45|25.53||253|2.07~CAS|PR|2|25.89~REF|LU|31~REF|6R|1327952264Z1~AMT|B6|129.47~CLP|257-1260|19|104|61.06|15.58|MB|2914357082700|31|1~NM1|QC|1|BOOTH|BENNIE|B|||HN|458560309D~NM1|82|1||||||XX|1952303547~NM1|TT|2|NORTH AMERICAN INSURANCE COMPANY|||||PI|30155~MOA|||MA01|MA18~DTM|050|20141223~SVC|HC^99309|104|61.06||1~DTM|472|20141020~CAS|CO|45|26.11||253|1.25~CAS|PR|2|15.58~REF|LU|31~REF|6R|1327941115Z1~AMT|B6|77.89~CLP|257-1120|19|104|61.06|15.58|MB|2914357082940|31|1~NM1|QC|1|BOOTH|BENNIE|B|||HN|458560309D~NM1|82|1||||||XX|1952303547~NM1|TT|2|NORTH AMERICAN INSURANCE COMPANY|||||PI|30155~MOA|||MA01|MA18~DTM|050|20141223~SVC|HC^99309|104|61.06||1~DTM|472|20140929~CAS|CO|45|26.11||253|1.25~CAS|PR|2|15.58~REF|LU|31~REF|6R|1327979563Z1~AMT|B6|77.89~CLP|271-1245|19|51|30.05|7.67|MB|2914357082530|31|1~NM1|QC|1|BOYD|BETTYE|N|||HN|465347194A~NM1|82|1||||||XX|1952303547~NM1|TT|2|BCBS OF MICHIGAN|||||PI|00055~MOA|||MA01|MA18|N89~DTM|050|20141223~SVC|HC^99307|51|30.05||1~DTM|472|20141030~CAS|CO|45|12.67||253|.61~CAS|PR|2|7.67~REF|LU|31~REF|6R|1327934337Z1~AMT|B6|38.33~CLP|119-1301|19|222|129.81|33.11|MB|2914357083010|33|1~NM1|QC|1|BUNNELL|EVA|L|||HN|450201772D~NM1|82|1||||||XX|1952303547~NM1|TT|2|TX HEALTH & HUMAN SERVICES COMMI|||||PI|70051~MOA|||MA01|MA07~DTM|050|20141223~SVC|HC^99337|222|129.81||1~DTM|472|20140929~CAS|CO|45|56.43||253|2.65~CAS|PR|2|33.11~REF|LU|33~REF|6R|1327979571Z1~AMT|B6|165.57~CLP|63-1304|19|104|61.06|15.58|MB|2914357083040|31|1~NM1|QC|1|CONNELL|WILLIAM|B|||HN|464589854A~NM1|82|1||||||XX|1952303547~NM1|TT|2|HCSC-BCBS OF TX-OTHER B ONLY|||||PI|00044~MOA|||MA01|MA18~DTM|050|20141223~SVC|HC^99309|104|61.06||1~DTM|472|20140929~CAS|CO|45|26.11||253|1.25~CAS|PR|2|15.58~REF|LU|31~REF|6R|1327979574Z1~AMT|B6|77.89~CLP|120-1282|19|109|63.87|16.29|MB|2914357082820|33|1~NM1|QC|1|CROWDER|EVA||||HN|460445627A~NM1|82|1||||||XX|1952303547~NM1|TT|2|AETNA, INC.|||||PI|00060~MOA|||MA01|MA18~DTM|050|20141223~SVC|HC^99335|109|63.87||1~DTM|472|20141015~CAS|CO|45|27.54||253|1.3~CAS|PR|2|16.29~REF|LU|33~REF|6R|1327952257Z1~AMT|B6|81.46~CLP|164-1248|19|104|61.06|15.58|MB|2914357082560|31|1~NM1|QC|1|DOMINGUEZ|MARIA||||HN|456542337A~NM1|82|1||||||XX|1952303547~NM1|TT|2|TX HEALTH & HUMAN SERVICES COMMI|||||PI|70051~MOA|||MA01|MA07~DTM|050|20141223~SVC|HC^99309|104|61.06||1~DTM|472|20141030~CAS|CO|45|26.11||253|1.25~CAS|PR|2|15.58~REF|LU|31~REF|6R|1327934340Z1~AMT|B6|77.89~CLP|182-1286|19|109|71.38|18.21|MB|2914357082880|33|1~NM1|QC|1|EDWARDS|PATSY|R|||HN|455501964A~NM1|82|1||||||XX|1962447805~NM1|TT|2|NORTH AMERICAN INSURANCE COMPANY|||||PI|30155~MOA|||MA01|MA18~DTM|050|20141223~SVC|HC^99335|109|71.38||1~DTM|472|20141013~CAS|CO|45|17.95||253|1.46~CAS|PR|2|18.21~REF|LU|33~REF|6R|1327952263Z1~AMT|B6|91.05~CLP|182-1306|19|222|129.81|33.11|MB|2914357083050|33|1~NM1|QC|1|EDWARDS|PATSY|R|||HN|455501964A~NM1|82|1||||||XX|1952303547~NM1|TT|2|NORTH AMERICAN INSURANCE COMPANY|||||PI|30155~MOA|||MA01|MA18~DTM|050|20141223~SVC|HC^99337|222|129.81||1~DTM|472|20140929~CAS|CO|45|56.43||253|2.65~CAS|PR|2|33.11~REF|LU|33~REF|6R|1327979575Z1~AMT|B6|165.57~CLP|127-1299|19|104|68.25|17.41|MB|2914357082340|32|1~NM1|QC|1|GALIMORE|FELIXD||||HN|439522668A~NM1|82|1||||||XX|1962447805~NM1|TT|2|TX HEALTH & HUMAN SERVICES COMMI|||||PI|70051~MOA|||MA01|MA07~DTM|050|20141223~SVC|HC^99309|104|68.25||1~DTM|472|20141013~CAS|CO|45|16.95||253|1.39~CAS|PR|2|17.41~REF|LU|32~REF|6R|1327746661Z1~AMT|B6|87.05~CLP|61-1250|19|109|63.87|16.29|MB|2914357082580|33|1~NM1|QC|1|GEER|VIRGINIA|L|||HN|449448951D~NM1|82|1||||||XX|1952303547~NM1|TT|2|SIERRA HEALTH & LIFE INSURANCE C|||||PI|30096~MOA|||MA01|MA18~DTM|050|20141223~SVC|HC^99335|109|63.87||1~DTM|472|20141030~CAS|CO|45|27.54||253|1.3~CAS|PR|2|16.29~REF|LU|33~REF|6R|1327934342Z1~AMT|B6|81.46~CLP|73-1223|19|109|71.38|18.21|MB|2914357082350|33|1~NM1|QC|1|HAILEY|JANNIE||||HN|450869169A~NM1|82|1||||||XX|1962447805~NM1|TT|2|TX HEALTH & HUMAN SERVICES COMMI|||||PI|70051~MOA|||MA01|MA07~DTM|050|20141223~SVC|HC^99335|109|71.38||1~DTM|472|20141016~CAS|CO|45|17.95||253|1.46~CAS|PR|2|18.21~REF|LU|33~REF|6R|1327922904Z1~AMT|B6|91.05~CLP|190-1283|1|104|61.06|15.58|MB|2914357082830|31|1~NM1|QC|1|HAWLEY|GARY|W|||HN|528029327A~NM1|82|1||||||XX|1952303547~MOA|||MA01~DTM|050|20141223~SVC|HC^99309|104|61.06||1~DTM|472|20141015~CAS|CO|45|26.11||253|1.25~CAS|PR|2|15.58~REF|LU|31~REF|6R|1327952258Z1~AMT|B6|77.89~CLP|190-1284|1|104|68.25|17.41|MB|2914357082860|31|1~NM1|QC|1|HAWLEY|GARY|W|||HN|528029327A~NM1|82|1||||||XX|1962447805~MOA|||MA01~DTM|050|20141223~SVC|HC^99309|104|68.25||1~DTM|472|20141013~CAS|CO|45|16.95||253|1.39~CAS|PR|2|17.41~REF|LU|31~REF|6R|1327952261Z1~AMT|B6|87.05~CLP|220-1233|19|222|145.08|37.01|MB|2914357082460|33|1~NM1|QC|1|HOLCOMB|MICKEY|S|||HN|452969456M~NM1|82|1||||||XX|1962447805~NM1|TT|2|TX HEALTH & HUMAN SERVICES COMMI|||||PI|70051~MOA|||MA01|MA07~DTM|050|20141223~SVC|HC^99337|222|145.08||1~DTM|472|20141023~CAS|CO|45|36.95||253|2.96~CAS|PR|2|37.01~REF|LU|33~REF|6R|1327922915Z1~AMT|B6|185.05~CLP|219-1231|19|109|71.38|18.21|MB|2914357082410|33|1~NM1|QC|1|HOOVER|MINNIE|B|||HN|465549405M~NM1|82|1||||||XX|1962447805~NM1|TT|2|TX HEALTH & HUMAN SERVICES COMMI|||||PI|70051~MOA|||MA01|MA07~DTM|050|20141223~SVC|HC^99335|109|71.38||1~DTM|472|20141023~CAS|CO|45|17.95||253|1.46~CAS|PR|2|18.21~REF|LU|33~REF|6R|1327922910Z1~AMT|B6|91.05~CLP|221-1227|19|109|71.38|18.21|MB|2914357082400|33|1~NM1|QC|1|HOWARD|LORETTA|L|||HN|374343945A~NM1|82|1||||||XX|1962447805~NM1|TT|2|TX HEALTH & HUMAN SERVICES COMMI|||||PI|70051~MOA|||MA01|MA27|MA07~DTM|050|20141223~SVC|HC^99335|109|71.38||1~DTM|472|20141027~CAS|CO|45|17.95||253|1.46~CAS|PR|2|18.21~REF|LU|33~REF|6R|1327922909Z1~AMT|B6|91.05~CLP|171-1280|19|109|63.87|16.29|MB|2914357082810|33|1~NM1|QC|1|HUYNH|MAU|T|||HN|640241790A~NM1|82|1||||||XX|1952303547~NM1|TT|2|TX HEALTH & HUMAN SERVICES COMMI|||||PI|70051~MOA|||MA01|MA07~DTM|050|20141223~SVC|HC^99335|109|63.87||1~DTM|472|20141015~CAS|CO|45|27.54||253|1.3~CAS|PR|2|16.29~REF|LU|33~REF|6R|1327952256Z1~AMT|B6|81.46~CLP|136-1298|19|104|68.25|17.41|MB|2914357082330|32|1~NM1|QC|1|JEFFERY|JOHN|H|||HN|467644818A~NM1|82|1||||||XX|1962447805~NM1|TT|2|TX HEALTH & HUMAN SERVICES COMMI|||||PI|70051~MOA|||MA01|MA07~DTM|050|20141223~SVC|HC^99309|104|68.25||1~DTM|472|20141013~CAS|CO|45|16.95||253|1.39~CAS|PR|2|17.41~REF|LU|32~REF|6R|1327746660Z1~AMT|B6|87.05~CLP|218-1279|19|104|61.06|15.58|MB|2914357082790|31|1~NM1|QC|1|JEFFREY|JOHN|G|||HN|450546301A~NM1|82|1||||||XX|1952303547~NM1|TT|2|WPS - TRICARE FOR LIFE|||||PI|60000~MOA|||MA01|MA18~DTM|050|20141223~SVC|HC^99309|104|61.06||1~DTM|472|20141015~CAS|CO|45|26.11||253|1.25~CAS|PR|2|15.58~REF|LU|31~REF|6R|1327952254Z1~AMT|B6|77.89~CLP|255-1259|19|104|61.06|15.58|MB|2914357082690|31|1~NM1|QC|1|JOHNSON|PEGGY||||HN|460526778A~NM1|82|1||||||XX|1952303547~NM1|TT|2|SIERRA HEALTH & LIFE INSURANCE C|||||PI|30096~MOA|||MA01|MA18~DTM|050|20141223~SVC|HC^99309|104|61.06||1~DTM|472|20141020~CAS|CO|45|26.11||253|1.25~CAS|PR|2|15.58~REF|LU|31~REF|6R|1327941114Z1~AMT|B6|77.89~CLP|59-1247|19|222|129.81|33.11|MB|2914357082550|33|1~NM1|QC|1|KEILSON|GERALD|R|||HN|462301721A~NM1|82|1||||||XX|1952303547~NM1|TT|2|AMA INSURANCE AGENCY, INC.|||||PI|30150~MOA|||MA01|MA18~DTM|050|20141223~SVC|HC^99337|222|129.81||1~DTM|472|20141030~CAS|CO|45|56.43||253|2.65~CAS|PR|2|33.11~REF|LU|33~REF|6R|1327934339Z1~AMT|B6|165.57~CLP|153-1228|19|109|71.38|18.21|MB|2914357082390|33|1~NM1|QC|1|KNIGHT|RENNIE||||HN|453423885A~NM1|82|1||||||XX|1962447805~NM1|TT|2|TX HEALTH & HUMAN SERVICES COMMI|||||PI|70051~MOA|||MA01|MA07~DTM|050|20141223~SVC|HC^99335|109|71.38||1~DTM|472|20141027~CAS|CO|45|17.95||253|1.46~CAS|PR|2|18.21~REF|LU|33~REF|6R|1327922908Z1~AMT|B6|91.05~CLP|5-1242|19|222|145.08|37.01|MB|2914357082500|33|1~NM1|QC|1|MALLINGER|ANNE|C|||HN|345102566D~NM1|82|1||||||XX|1962447805~NM1|TT|2|UNITEDHEALTH GROUP|||||PI|30002~MOA|||MA01|MA18~DTM|050|20141223~SVC|HC^99337|222|145.08||1~DTM|472|20141029~CAS|CO|45|36.95||253|2.96~CAS|PR|2|37.01~REF|LU|33~REF|6R|1327934334Z1~AMT|B6|185.05~CLP|214-1238|19|104|68.25|17.41|MB|2914357082610|31|1~NM1|QC|1|MILLER|WILLIAM|C|||HN|458344463A~NM1|82|1||||||XX|1962447805~NM1|TT|2|AETNA, INC.|||||PI|00060~MOA|||MA01|MA18~DTM|050|20141223~SVC|HC^99309|104|68.25||1~DTM|472|20141027~CAS|CO|45|16.95||253|1.39~CAS|PR|2|17.41~REF|LU|31~REF|6R|1327941106Z1~AMT|B6|87.05~CLP|214-1254|19|104|61.06|15.58|MB|2914357082650|31|1~NM1|QC|1|MILLER|WILLIAM|C|||HN|458344463A~NM1|82|1||||||XX|1952303547~NM1|TT|2|AETNA, INC.|||||PI|00060~MOA|||MA01|MA18~DTM|050|20141223~SVC|HC^99309|104|61.06||1~DTM|472|20141020~CAS|CO|45|26.11||253|1.25~CAS|PR|2|15.58~REF|LU|31~REF|6R|1327941110Z1~AMT|B6|77.89~CLP|214-1173|19|104|68.25|17.41|MB|2914357082990|31|1~NM1|QC|1|MILLER|WILLIAM|C|||HN|458344463A~NM1|82|1||||||XX|1962447805~NM1|TT|2|AETNA, INC.|||||PI|00060~MOA|||MA01|MA18~DTM|050|20141223~SVC|HC^99309|104|68.25||1~DTM|472|20140925~CAS|CO|45|16.95||253|1.39~CAS|PR|2|17.41~REF|LU|31~REF|6R|1327979569Z1~AMT|B6|87.05~CLP|262-1241|1|155|101.51|25.89|MB|2914357082490|31|1~NM1|QC|1|MIZELL|BETTY|C|||HN|456521535A~NM1|82|1||||||XX|1962447805~MOA|||MA01~DTM|050|20141223~SVC|HC^99310|155|101.51||1~DTM|472|20141029~CAS|CO|45|25.53||253|2.07~CAS|PR|2|25.89~REF|LU|31~REF|6R|1327934333Z1~AMT|B6|129.47~CLP|29-1253|19|104|61.06|15.58|MB|2914357082630|31|1~NM1|QC|1|MOFFATT|RUBY|S|||HN|511149871B~NM1|82|1||||||XX|1952303547~NM1|TT|2|NORTH AMERICAN INSURANCE COMPANY|||||PI|30155~MOA|||MA01|MA18~DTM|050|20141223~SVC|HC^99309|104|61.06||1~DTM|472|20141020~CAS|CO|45|26.11||253|1.25~CAS|PR|2|15.58~REF|LU|31~REF|6R|1327941108Z1~AMT|B6|77.89~CLP|29-1308|19|104|61.06|15.58|MB|2914357083070|31|1~NM1|QC|1|MOFFATT|RUBY|S|||HN|511149871B~NM1|82|1||||||XX|1952303547~NM1|TT|2|NORTH AMERICAN INSURANCE COMPANY|||||PI|30155~MOA|||MA01|MA18~DTM|050|20141223~SVC|HC^99309|104|61.06||1~DTM|472|20140929~CAS|CO|45|26.11||253|1.25~CAS|PR|2|15.58~REF|LU|31~REF|6R|1327979577Z1~AMT|B6|77.89~CLP|113-1297|19|104|68.25|17.41|MB|2914357082930|31|1~NM1|QC|1|MOORE|ERNEST|A|||HN|563407942A~NM1|82|1||||||XX|1962447805~NM1|TT|2|AETNA, INC.|||||PI|00060~MOA|||MA01|MA18~DTM|050|20141223~SVC|HC^99309|104|68.25||1~DTM|472|20141013~CAS|CO|45|16.95||253|1.39~CAS|PR|2|17.41~REF|LU|31~REF|6R|1327952268Z1~AMT|B6|87.05~CLP|113-1172|19|104|68.25|17.41|MB|2914357082980|31|1~NM1|QC|1|MOORE|ERNEST|A|||HN|563407942A~NM1|82|1||||||XX|1962447805~NM1|TT|2|AETNA, INC.|||||PI|00060~MOA|||MA01|MA18~DTM|050|20141223~SVC|HC^99309|104|68.25||1~DTM|472|20140925~CAS|CO|45|16.95||253|1.39~CAS|PR|2|17.41~REF|LU|31~REF|6R|1327979567Z1~AMT|B6|87.05~CLP|228-1261|19|51|30.05|7.67|MB|2914357082710|31|1~NM1|QC|1|MORA|GLEN||||HN|461400603A~NM1|82|1||||||XX|1952303547~NM1|TT|2|UNITEDHEALTH GROUP|||||PI|30002~MOA|||MA01|MA18~DTM|050|20141223~SVC|HC^99307|51|30.05||1~DTM|472|20141020~CAS|CO|45|12.67||253|.61~CAS|PR|2|7.67~REF|LU|31~REF|6R|1327941116Z1~AMT|B6|38.33~CLP|228-1277|19|155|90.82|23.17|MB|2914357082780|31|1~NM1|QC|1|MORA|GLEN||||HN|461400603A~NM1|82|1||||||XX|1952303547~NM1|TT|2|UNITEDHEALTH GROUP|||||PI|30002~MOA|||MA01|MA18~DTM|050|20141223~SVC|HC^99310|155|90.82||1~DTM|472|20141015~CAS|CO|45|39.16||253|1.85~CAS|PR|2|23.17~REF|LU|31~REF|6R|1327952253Z1~AMT|B6|115.84~CLP|228-1183|19|104|61.06|15.58|MB|2914357083000|31|1~NM1|QC|1|MORA|GLEN||||HN|461400603A~NM1|82|1||||||XX|1952303547~NM1|TT|2|UNITEDHEALTH GROUP|||||PI|30002~MOA|||MA01|MA18~DTM|050|20141223~SVC|HC^99309|104|61.06||1~DTM|472|20140924~CAS|CO|45|26.11||253|1.25~CAS|PR|2|15.58~REF|LU|31~REF|6R|1327979570Z1~AMT|B6|77.89~CLP|165-1246|19|109|63.87|16.29|MB|2914357082540|33|1~NM1|QC|1|MORENO|MARIA|L|||HN|465183762D~NM1|82|1||||||XX|1952303547~NM1|TT|2|UNITEDHEALTH GROUP|||||PI|30002~MOA|||MA01|MA18~DTM|050|20141223~SVC|HC^99335|109|63.87||1~DTM|472|20141030~CAS|CO|45|27.54||253|1.3~CAS|PR|2|16.29~REF|LU|33~REF|6R|1327934338Z1~AMT|B6|81.46~CLP|231-1263|19|104|61.06|15.58|MB|2914357082730|31|1~NM1|QC|1|NGUYEN|BEIN|D|||HN|638323190A~NM1|82|1||||||XX|1952303547~NM1|TT|2|TX HEALTH & HUMAN SERVICES COMMI|||||PI|70051~MOA|||MA01|MA07~DTM|050|20141223~SVC|HC^99309|104|61.06||1~DTM|472|20141020~CAS|CO|45|26.11||253|1.25~CAS|PR|2|15.58~REF|LU|31~REF|6R|1327941118Z1~AMT|B6|77.89~CLP|231-1169|19|104|68.25|17.41|MB|2914357082960|31|1~NM1|QC|1|NGUYEN|BEIN|D|||HN|638323190A~NM1|82|1||||||XX|1962447805~NM1|TT|2|TX HEALTH & HUMAN SERVICES COMMI|||||PI|70051~MOA|||MA01|MA07~DTM|050|20141223~SVC|HC^99309|104|68.25||1~DTM|472|20140925~CAS|CO|45|16.95||253|1.39~CAS|PR|2|17.41~REF|LU|31~REF|6R|1327979565Z1~AMT|B6|87.05~CLP|178-1225|19|70|45.58|11.63|MB|2914357082370|33|1~NM1|QC|1|OBANNON|ADELINE||||HN|313742151A~NM1|82|1||||||XX|1962447805~NM1|TT|2|TX HEALTH & HUMAN SERVICES COMMI|||||PI|70051~MOA|||MA01|MA07~DTM|050|20141223~SVC|HC^99334|70|45.58||1~DTM|472|20141027~CAS|CO|45|11.86||253|.93~CAS|PR|2|11.63~REF|LU|33~REF|6R|1327922906Z1~AMT|B6|58.14~CLP|20-1285|19|104|68.25|17.41|MB|2914357082850|31|1~NM1|QC|1|PAGE|ROBERT|H|||HN|275349947A~NM1|82|1||||||XX|1962447805~NM1|TT|2|TX HEALTH & HUMAN SERVICES COMMI|||||PI|70051~MOA|||MA01|MA07~DTM|050|20141223~SVC|HC^99309|104|68.25||1~DTM|472|20141013~CAS|CO|45|16.95||253|1.39~CAS|PR|2|17.41~REF|LU|31~REF|6R|1327952260Z1~AMT|B6|87.05~CLP|20-1309|19|109|63.87|16.29|MB|2914357083080|33|1~NM1|QC|1|PAGE|ROBERT|H|||HN|275349947A~NM1|82|1||||||XX|1952303547~NM1|TT|2|TX HEALTH & HUMAN SERVICES COMMI|||||PI|70051~MOA|||MA01|MA07~DTM|050|20141223~SVC|HC^99335|109|63.87||1~DTM|472|20140929~CAS|CO|45|27.54||253|1.3~CAS|PR|2|16.29~REF|LU|33~REF|6R|1327979578Z1~AMT|B6|81.46~CLP|186-1226|19|222|145.08|37.01|MB|2914357082380|33|1~NM1|QC|1|PITMAN|JERRY|R|||HN|452401970A~NM1|82|1||||||XX|1962447805~NM1|TT|2|TX HEALTH & HUMAN SERVICES COMMI|||||PI|70051~MOA|||MA01|MA07~DTM|050|20141223~SVC|HC^99337|222|145.08||1~DTM|472|20141027~CAS|CO|45|36.95||253|2.96~CAS|PR|2|37.01~REF|LU|33~REF|6R|1327922907Z1~AMT|B6|185.05~CLP|3-1252|19|109|63.87|16.29|MB|2914357082640|33|1~NM1|QC|1|ROTHSTEIN|AGATHA|R|||HN|539267482D~NM1|82|1||||||XX|1952303547~NM1|TT|2|AETNA, INC.|||||PI|00060~MOA|||MA01|MA18~DTM|050|20141223~SVC|HC^99335|109|63.87||1~DTM|472|20141020~CAS|CO|45|27.54||253|1.3~CAS|PR|2|16.29~REF|LU|33~REF|6R|1327941109Z1~AMT|B6|81.46~CLP|26-1224|19|109|71.38|18.21|MB|2914357082360|33|1~NM1|QC|1|ROWDEN|LESLIE||||HN|466689188C1~NM1|82|1||||||XX|1962447805~NM1|TT|2|TX HEALTH & HUMAN SERVICES COMMI|||||PI|70051~MOA|||MA01|MA07~DTM|050|20141223~SVC|HC^99335|109|71.38||1~DTM|472|20141016~CAS|CO|45|17.95||253|1.46~CAS|PR|2|18.21~REF|LU|33~REF|6R|1327922905Z1~AMT|B6|91.05~CLP|45-1234|19|222|145.08|37.01|MB|2914357082450|33|1~NM1|QC|1|STANSBURY|LAWRANCE||||HN|351408635A~NM1|82|1||||||XX|1962447805~NM1|TT|2|TX HEALTH & HUMAN SERVICES COMMI|||||PI|70051~MOA|||MA01|MA07~DTM|050|20141223~SVC|HC^99337|222|145.08||1~DTM|472|20141023~CAS|CO|45|36.95||253|2.96~CAS|PR|2|37.01~REF|LU|33~REF|6R|1327922914Z1~AMT|B6|185.05~CLP|109-1311|19|104|61.06|15.58|MB|2914357551200|31|1~NM1|QC|1|SUMMERVILLE|EILEEN|J|||HN|074182187A~NM1|82|1||||||XX|1952303547~NM1|TT|2|SIERRA HEALTH & LIFE INSURANCE C|||||PI|30096~MOA|||MA01|MA18~DTM|050|20141223~SVC|HC^99309|104|61.06||1~DTM|472|20140929~CAS|CO|45|26.11||253|1.25~CAS|PR|2|15.58~REF|LU|31~REF|6R|1328105718Z1~AMT|B6|77.89~CLP|84-1278|19|109|63.87|16.29|MB|2914357082800|33|1~NM1|QC|1|TIRADO|CAROLYN|L|||HN|458503439A~NM1|82|1||||||XX|1952303547~NM1|TT|2|HCSC-BCBS OF TX-OTHER B ONLY|||||PI|00044~MOA|||MA01|MA18~DTM|050|20141223~SVC|HC^99335|109|63.87||1~DTM|472|20141015~CAS|CO|45|27.54||253|1.3~CAS|PR|2|16.29~REF|LU|33~REF|6R|1327952255Z1~AMT|B6|81.46~CLP|55-1230|19|222|145.08|37.01|MB|2914357082420|33|1~NM1|QC|1|UZOMA|SHARON|L|||HN|467397111A~NM1|82|1||||||XX|1962447805~NM1|TT|2|TX HEALTH & HUMAN SERVICES COMMI|||||PI|70051~MOA|||MA01|MA07~DTM|050|20141223~SVC|HC^99337|222|145.08||1~DTM|472|20141023~CAS|CO|45|36.95||253|2.96~CAS|PR|2|37.01~REF|LU|33~REF|6R|1327922911Z1~AMT|B6|185.05~CLP|274-1262|19|104|61.06|15.58|MB|2914357082720|31|1~NM1|QC|1|VINSON|BOLEKA|M|||HN|643580877T~NM1|82|1||||||XX|1952303547~NM1|TT|2|TX HEALTH & HUMAN SERVICES COMMI|||||PI|70051~MOA|||MA01|MA07~DTM|050|20141223~SVC|HC^99309|104|61.06||1~DTM|472|20141020~CAS|CO|45|26.11||253|1.25~CAS|PR|2|15.58~REF|LU|31~REF|6R|1327941117Z1~AMT|B6|77.89~CLP|274-1287|19|104|68.25|17.41|MB|2914357082870|31|1~NM1|QC|1|VINSON|BOLEKA|M|||HN|643580877T~NM1|82|1||||||XX|1962447805~NM1|TT|2|TX HEALTH & HUMAN SERVICES COMMI|||||PI|70051~MOA|||MA01|MA07~DTM|050|20141223~SVC|HC^99309|104|68.25||1~DTM|472|20141013~CAS|CO|45|16.95||253|1.39~CAS|PR|2|17.41~REF|LU|31~REF|6R|1327952262Z1~AMT|B6|87.05~CLP|157-1249|1|109|63.87|16.29|MB|2914357082570|33|1~NM1|QC|1|WOFFORD|LORENE||||HN|466264732D~NM1|82|1||||||XX|1952303547~MOA|||MA01~DTM|050|20141223~SVC|HC^99335|109|63.87||1~DTM|472|20141030~CAS|CO|45|27.54||253|1.3~CAS|PR|2|16.29~REF|LU|33~REF|6R|1327934341Z1~AMT|B6|81.46~SE|714|0001~GE|1|426~IEA|1|000000431~