ISA|00|          |00|          |ZZ|ZIRMED         |ZZ|11             |151022|0711|U|00401|000001468|0|P|^~GS|HP|ZIRMED|FIS123456789|20151022|0711|1463|X|004010X091A1~ST|835|0001~BPR|I|379.71|C|ACH|CCP|01|092904554|DA|150097034071|1201494502||01|111000025|DA|488038453432|20151021~TRN|1|EFT2903451|1201494502~REF|EV|FIS123456789~REF|F2|TXMC QNXT~DTM|405|20151020~N1|PR|MOLINA HEALTHCARE OF TEXAS, INC~N3|2505 N. STATE HIGHWAY 360|STE 300~N4|GRAND PRAIRIE|TX|75050~N1|PE|DFW PRIMARY CARE PLLC|XX|1063835361~N3|2925 SKYWAY CICLE NORTH~N4|IRVING|TX|750383510~REF|TJ|464596718~LX|1~CLP|3040-3956|1|386|253.36||MC|15288905456~NM1|QC|1|ROBERTSON|SHARON|L|||MI|524114075~NM1|82|1|KETHA|SUMANA||||XX|1962447805~REF|CE|TQMBPL6979~DTM|232|20151008~DTM|233|20151008~DTM|050|20151015~AMT|AU|386~SVC|HC^99214^25|130|46.73||1~DTM|472|20151008~CAS|CO|45|83.27~REF|6R|1578043752Z1~AMT|B6|46.73~SVC|HC^94760|4|0||1~DTM|472|20151008~CAS|CO|234|4~REF|6R|1578043752Z2~LQ|HE|M15~SVC|HC^95923|252|206.63||1~DTM|472|20151008~CAS|CO|45|45.37~REF|6R|1578043752Z3~AMT|B6|206.63~CLP|1128-4001|1|130|46.73||MC|15292884377~NM1|QC|1|MARTINEZ|MARTIN||||MI|530608840~NM1|82|1|KETHA|SUMANA||||XX|1962447805~REF|CE|TQMBPL6979~DTM|232|20151013~DTM|233|20151013~DTM|050|20151019~AMT|AU|130~SVC|HC^99214|130|46.73||1~DTM|472|20151013~CAS|CO|45|83.27~REF|6R|1580292406Z1~AMT|B6|46.73~CLP|6139-3999|1|200|79.62||MC|15292884385~NM1|QC|1|WHITE|KELVIN|SCOTT|||MI|525054201~NM1|74|1|||S~NM1|82|1|KETHA|SUMANA||||XX|1962447805~REF|CE|TQMBPL6979~DTM|232|20151015~DTM|233|20151015~DTM|050|20151019~AMT|AU|200~SVC|HC^99204|200|79.62||1~DTM|472|20151015~CAS|CO|45|120.38~REF|6R|1580292405Z1~AMT|B6|79.62~SE|65|0001~GE|1|1463~IEA|1|000001468~