ISA|00|          |00|          |ZZ|ZIRMED         |ZZ|AV09311993     |151014|1608|U|00401|000001448|0|P|^~GS|HP|ZIRMED|AV01101957|20151014|1608|1443|X|004010X091A1~ST|835|0001~BPR|I|124.87|C|CHK||||||||||||20151013~TRN|1|C15286340816570|1361236610|CP201510133408165700~REF|EV|TX8355010~DTM|405|20151013~N1|PR|BLUECROSS BLUESHIELD OF TEXAS~N3|P O BOX 660044~N4|DALLAS|TX|752660044~REF|2U|G84980~N1|PE|DFW GERIATRICS PLLC|XX|1063835361~N3|2925 SKYWAY CIR N~N4|IRVING|TX|750383510~REF|TJ|464596718~LX|1~CLP|5678-3907|1|149|124.87||12|02015274507398C0X00|11|1~NM1|QC|1|HARRIS|MARY||||MI|UXE905620421~NM1|82|1|KETHA|SUMANA||||XX|1962447805~REF|1L|000ZGPPOX0000~REF|CE|PREFERRED PROVIDER ORGANIZATION~DTM|232|20150925~DTM|233|20150925~DTM|050|20151001~AMT|AU|124.87~SVC|HC^99395^25|145|124.87||1~DTM|472|20150925~CAS|CO|45|20.13~REF|6R|1567839982Z1~AMT|B6|124.87~SVC|HC^94760|4|0||1~DTM|472|20150925~CAS|CO|97|4~REF|6R|1567839982Z2~LQ|HE|M15~SE|34|0001~GE|1|1443~IEA|1|000001448~