ISA|00|          |00|          |ZZ|ZIRMED         |ZZ|11             |150909|1233|U|00401|000001317|0|P|^~GS|HP|ZIRMED|FIS123456789|20150909|1233|1312|X|004010X091A1~ST|835|0001~BPR|I|186.92|C|ACH|CCP|01|092904554|DA|150097034071|1201494502||01|111000025|DA|488038453432|20150908~TRN|1|EFT2792570|1201494502~REF|EV|FIS123456789~REF|F2|TXMC QNXT~DTM|405|20150904~N1|PR|MOLINA HEALTHCARE OF TEXAS, INC~N3|2505 N. STATE HIGHWAY 360|STE 300~N4|GRAND PRAIRIE|TX|75050~N1|PE|DFW PRIMARY CARE PLLC|XX|1063835361~N3|2925 SKYWAY CICLE NORTH~N4|IRVING|TX|750383510~REF|TJ|464596718~LX|1~CLP|3915-3705|1|130|46.73||MC|15246922584~NM1|QC|1|KINNEY|KAREN|L|||MI|512372992~NM1|82|1|KETHA|SUMANA||||XX|1962447805~REF|CE|QMXHPQ0882~DTM|232|20150716~DTM|233|20150716~DTM|050|20150903~AMT|AU|130~SVC|HC^99214|130|46.73||1~DTM|472|20150716~CAS|CO|45|83.27~REF|6R|1543292482Z1~AMT|B6|46.73~CLP|3162-3716|1|130|46.73||MC|15246922586~NM1|QC|1|HENRY|TRACY|V|||MI|608278385~NM1|82|1|KETHA|SUMANA||||XX|1962447805~REF|CE|QMXHPQ0882~DTM|232|20150727~DTM|233|20150727~DTM|050|20150903~AMT|AU|130~SVC|HC^99214|130|46.73||1~DTM|472|20150727~CAS|CO|45|83.27~REF|6R|1543292491Z1~AMT|B6|46.73~CLP|1458-3735|1|130|46.73||MC|15246922590~NM1|QC|1|CARTER|ARTIE|J|||MI|525060269~NM1|82|1|KETHA|SUMANA||||XX|1962447805~REF|CE|QMXHPQ0882~DTM|232|20150807~DTM|233|20150807~DTM|050|20150903~AMT|AU|130~SVC|HC^99214|130|46.73||1~DTM|472|20150807~CAS|CO|45|83.27~REF|6R|1543338133Z1~AMT|B6|46.73~CLP|3915-3740|1|130|46.73||MC|15246922592~NM1|QC|1|KINNEY|KAREN|L|||MI|512372992~NM1|82|1|KETHA|SUMANA||||XX|1962447805~REF|CE|QMXHPQ0882~DTM|232|20150811~DTM|233|20150811~DTM|050|20150903~AMT|AU|130~SVC|HC^99214|130|46.73||1~DTM|472|20150811~CAS|CO|45|83.27~REF|6R|1543338138Z1~AMT|B6|46.73~SE|67|0001~GE|1|1312~IEA|1|000001317~