ISA|00|          |00|          |ZZ|ZIRMED         |29|E12705         |150730|0431|U|00401|000001199|0|P|^~GS|HP|ZIRMED|E12705|20150730|0431|1194|X|004010X091A1~ST|835|0001~BPR|H|0|C|NON||||||||||||20150730~TRN|1|459536397|1205296137~REF|EV|E12705~DTM|405|20150729~N1|PR|NOVITAS SOLUTIONS, INC.~N3|PO BOX 3110~N4|MECHANICSBURG|PA|170551826~REF|2U|04412~PER|CX||TE|8552528782~N1|PE|DFW GERIATRICS PLLC|XX|1063835361~N3|2925 SKYWAY CIRCLE NORTH~N4|IRVING|TX|750383510~REF|TJ|464596718~LX|1~CLP|9-601|1|51|0||MB|2815189204880|32|1~NM1|QC|1|KISER|BEN||||HN|456687960M~NM1|82|1||||||XX|1962447805~MOA|||MA01~DTM|050|20150708~SVC|HC^99307|51|0||||1~DTM|472|20140903~CAS|CO|B9|51~REF|6R|1494056620Z1~REF|LU|32~LQ|HE|N90~SE|27|0001~ST|835|0002~BPR|I|338.91|C|ACH|CCP|01|081517693|DA|152302017594|1205296137||01|111000025|DA|488038453432|20150730~TRN|1|890666921|1205296137~REF|EV|E12705~DTM|405|20150729~N1|PR|NOVITAS SOLUTIONS, INC.~N3|PO BOX 3110~N4|MECHANICSBURG|PA|170551826~REF|2U|04412~PER|CX||TE|8552528782~N1|PE|DFW GERIATRICS PLLC|XX|1063835361~N3|2925 SKYWAY CIRCLE NORTH~N4|IRVING|TX|750383510~REF|TJ|464596718~LX|1~CLP|169-504|19|222|129.81|33.11|MB|2815197407260|33|1~NM1|QC|1|BARKLEY|MARY||||HN|467427467A~NM1|82|1||||||XX|1952303547~NM1|TT|2|UNITEDHEALTH GROUP|||||PI|30002~MOA|||MA01|MA18~DTM|050|20150716~SVC|HC^99337|222|129.81||1~DTM|472|20140811~CAS|CO|45|56.43||253|2.65~CAS|PR|2|33.11~REF|6R|1501237936Z1~REF|LU|33~AMT|B6|165.57~CLP|352-2905|1|124|72.6|18.52|MB|2815197407250|11|1~NM1|QC|1|RAYMOND|JAMES||||HN|565788029A~NM1|82|1||||||XX|1679978068~MOA|||MA01~DTM|050|20150716~SVC|HC^G0181|124|72.6||1~DTM|472|20150531~CAS|CO|45|31.4||253|1.48~CAS|PR|2|18.52~REF|6R|1501237779Z1~REF|LU|11~AMT|B6|92.6~CLP|38-713|19|104|68.25|17.41|MB|2815197407270|32|1~NM1|QC|1|SMITH|IVORY|D|||HN|466683089A~NM1|82|1||||||XX|1962447805~NM1|TT|2|TX HEALTH & HUMAN SERVICES COMMI|||||PI|70051~MOA|||MA01|MA07~DTM|050|20150716~SVC|HC^99309|104|68.25||1~DTM|472|20141109~CAS|CO|45|16.95||253|1.39~CAS|PR|2|17.41~REF|6R|1501237968Z1~REF|LU|32~AMT|B6|87.05~CLP|38-2565|19|104|68.25|17.41|MB|2815197407280|32|1~NM1|QC|1|SMITH|IVORY|D|||HN|466683089A~NM1|82|1||||||XX|1962447805~NM1|TT|2|TX HEALTH & HUMAN SERVICES COMMI|||||PI|70051~MOA|||MA01|MA07~DTM|050|20150716~SVC|HC^99309|104|68.25||1~DTM|472|20141113~CAS|CO|45|16.95||253|1.39~CAS|PR|2|17.41~REF|6R|1501237969Z1~REF|LU|32~AMT|B6|87.05~SE|67|0002~GE|2|1194~IEA|1|000001199~