ISA|00|          |00|          |ZZ|ZIRMED         |29|E12705         |150512|0304|U|00401|000000894|0|P|^~GS|HP|ZIRMED|E12705|20150512|0304|889|X|004010X091A1~ST|835|0001~BPR|H|0|C|NON||||||||||||20150512~TRN|1|459182248|1205296137~REF|EV|E12705~DTM|405|20150511~N1|PR|NOVITAS SOLUTIONS, INC.~N3|PO BOX 3110~N4|MECHANICSBURG|PA|170551826~REF|2U|04412~PER|CX||TE|8552528782~N1|PE|DFW GERIATRICS PLLC|XX|1063835361~N3|2925 SKYWAY CIRCLE NORTH~N4|IRVING|TX|750383510~REF|TJ|464596718~LX|1~CLP|5393-2704|1|492|0|92.61|MB|2815126677210|11|1~NM1|QC|1|HUDGINS|MILES||||HN|524344555A~NM1|82|1||||||XX|1679978068~MOA|||MA01~DTM|050|20150506~SVC|HC^99214^25|130|0||1~DTM|472|20150320~CAS|CO|45|37.39~CAS|PR|1|92.61~REF|LU|11~REF|6R|1442180239Z1~AMT|B6|92.61~SVC|HC^95921|110|0||||1~DTM|472|20150320~CAS|CO|170|110~REF|LU|11~REF|6R|1442180239Z2~SVC|HC^95923|252|0||||1~DTM|472|20150320~CAS|CO|170|252~REF|LU|11~REF|6R|1442180239Z3~SE|38|0001~GE|1|889~IEA|1|000000894~