ISA|00|          |00|          |ZZ|ZIRMED         |ZZ|AV09311993     |150110|1323|U|00401|000000440|0|P|^~GS|HP|ZIRMED|AV01101957|20150110|1323|435|X|004010X091A1~ST|835|0001~BPR|I|76.49|C|CHK||||||||||||20150109~TRN|1|C15009117416430|1361236610|CP201501091174164300~REF|EV|TX8355010~DTM|405|20150109~N1|PR|BLUECROSS BLUESHIELD OF TEXAS~N3|P O BOX 660044~N4|DALLAS|TX|752660044~REF|2U|G84980~N1|PE|DFW GERIATRICS PLLC|XX|1063835361~N3|2925 SKYWAY CIR N~N4|IRVING|TX|750383510~REF|TJ|464596718~LX|1~CLP|248-897|2|120|19.92||ZZ|020150065790Q240X00|21|1~NM1|QC|1|DOMINGUEZ JR|ESTEBAN||||MI|R58849487~NM1|82|1|KETHA|SUMANA||||XX|1962447805~REF|1L|0000FEPTX0102~REF|CE|MEDICARE CROSSOVER CLAIM~DTM|232|20140809~DTM|233|20140809~DTM|050|20150106~AMT|AU|99.6~SVC|HC^99233|120|19.92||1~DTM|472|20140809~CAS|CO|23|20.4~CAS|OA|23|79.68~REF|6R|1323911227Z1~AMT|B6|99.6~LX|2~CLP|248-893|2|340|56.57||ZZ|020150065795Q730X00|21|1~NM1|QC|1|DOMINGUEZ JR|ESTEBAN||||MI|R58849487~NM1|82|1|KETHA|SUMANA||||XX|1962447805~REF|1L|0000FEPTX0102~REF|CE|MEDICARE CROSSOVER CLAIM~DTM|232|20140806~DTM|233|20140806~DTM|050|20150106~AMT|AU|282.86~SVC|HC^99223^25|234|38.93||1~DTM|472|20140806~CAS|CO|23|39.36~CAS|OA|23|155.71~REF|6R|1323924128Z1~AMT|B6|194.64~SVC|HC^99356|106|17.64||1~DTM|472|20140806~CAS|CO|23|17.78~CAS|OA|23|70.58~REF|6R|1323924128Z2~AMT|B6|88.22~SE|52|0001~ST|835|0002~BPR|I|143.85|C|CHK||||||||||||20150109~TRN|1|C15009333243690|1361236610|CP201501093332436900~REF|EV|TX8355010~DTM|405|20150109~N1|PR|BLUECROSS BLUESHIELD OF TEXAS~N3|P O BOX 660044~N4|DALLAS|TX|752660044~REF|2U|G84980~N1|PE|DFW GERIATRICS PLLC|XX|1063835361~N3|2925 SKYWAY CIR N~N4|IRVING|TX|750383510~REF|TJ|464596718~LX|1~CLP|63-980|2|104|17.41||12|0201500757580E30X00|31|1~NM1|QC|1|CONNELL|WILLIAM|B|||MI|FNA847513661~NM1|82|1|KETHA|SUMANA||||XX|1962447805~REF|1L|0000795870008~REF|CE|MEDICARE CROSSOVER CLAIM~DTM|232|20140925~DTM|233|20140925~DTM|050|20150107~AMT|AU|87.05~SVC|HC^99309|104|17.41||1~DTM|472|20140925~CAS|OA|23|86.59~REF|6R|1326085806Z1~AMT|B6|87.05~LX|2~CLP|63-1304|2|104|15.58||12|0201500857935U60X00|31|1~NM1|QC|1|CONNELL|WILLIAM|B|||MI|FNA847513661~NM1|82|1|MARCO|DALE|A|||XX|1952303547~REF|1L|0000795870008~REF|CE|MEDICARE CROSSOVER CLAIM~DTM|232|20140929~DTM|233|20140929~DTM|050|20150108~AMT|AU|77.89~SVC|HC^99309|104|15.58||1~DTM|472|20140929~CAS|OA|23|88.42~REF|6R|1327979574Z1~AMT|B6|77.89~LX|3~CLP|135-291|2|155|23.17||12|020143575775H320X00|31|1~NM1|QC|1|HEAD|JEANNE|H|||MI|0T96YG9R4~NM1|74|1||NELDA|J|||C|UTS0T96YG9R4~NM1|82|1|MARCO|DALE|A|||XX|1952303547~REF|1L|0000717780033~REF|CE|MEDICARE CROSSOVER CLAIM~DTM|232|20140623~DTM|233|20140623~DTM|050|20141223~AMT|AU|115.84~SVC|HC^99310|155|23.17||1~DTM|472|20140623~CAS|OA|23|131.83~REF|6R|1312061170Z1~AMT|B6|115.84~LX|4~CLP|135-328|2|104|15.58||12|0201436057446K70X00|31|1~NM1|QC|1|HEAD|JEANNE|H|||MI|0T96YG9R4~NM1|74|1||NELDA|J|||C|UTS0T96YG9R4~NM1|82|1|MARCO|DALE|A|||XX|1952303547~REF|1L|0000717780033~REF|CE|MEDICARE CROSSOVER CLAIM~DTM|232|20140702~DTM|233|20140702~DTM|050|20141226~AMT|AU|77.89~SVC|HC^99309|104|15.58||1~DTM|472|20140702~CAS|OA|23|88.42~REF|6R|1314131756Z1~AMT|B6|77.89~LX|5~CLP|135-307|2|51|7.67||12|0201436057869G60X00|31|1~NM1|QC|1|HEAD|JEANNE|H|||MI|0T96YG9R4~NM1|74|1||NELDA|J|||C|UTS0T96YG9R4~NM1|82|1|MARCO|DALE|A|||XX|1952303547~REF|1L|0000717780033~REF|CE|MEDICARE CROSSOVER CLAIM~DTM|232|20140626~DTM|233|20140626~DTM|050|20141226~AMT|AU|38.33~SVC|HC^99307|51|7.67||1~DTM|472|20140626~CAS|OA|23|43.33~REF|6R|1314066585Z1~AMT|B6|38.33~LX|6~CLP|135-447|2|104|15.58||12|02014364571524Y0X00|31|1~NM1|QC|1|HEAD|JEANNE|H|||MI|0T96YG9R4~NM1|74|1||NELDA|J|||C|UTS0T96YG9R4~NM1|82|1|MARCO|DALE|A|||XX|1952303547~REF|1L|0000717780033~REF|CE|MEDICARE CROSSOVER CLAIM~DTM|232|20140728~DTM|233|20140728~DTM|050|20141230~AMT|AU|77.89~SVC|HC^99309|104|15.58||1~DTM|472|20140728~CAS|OA|23|88.42~REF|6R|1315916684Z1~AMT|B6|77.89~LX|7~CLP|199-448|2|155|23.17||12|02014364571482Y0X00|31|1~NM1|QC|1|SHELBY|FAYE|D|||MI|UTS0A67EN1RT~NM1|82|1|MARCO|DALE|A|||XX|1952303547~REF|1L|0000717780032~REF|CE|MEDICARE CROSSOVER CLAIM~DTM|232|20140728~DTM|233|20140728~DTM|050|20141230~AMT|AU|115.84~SVC|HC^99310|155|23.17||1~DTM|472|20140728~CAS|OA|23|131.83~REF|6R|1315916685Z1~AMT|B6|115.84~LX|8~CLP|84-1045|2|154|25.69||12|0201500757574E00X00|33|1~NM1|QC|1|TIRADO|CAROLYN|L|||MI|UTS0I92DC4RW~NM1|82|1|KETHA|SUMANA||||XX|1962447805~REF|1L|0000717780042~REF|CE|MEDICARE CROSSOVER CLAIM~DTM|232|20140924~DTM|233|20140924~DTM|050|20150107~AMT|AU|128.43~SVC|HC^99336|154|25.69||1~DTM|472|20140924~CAS|OA|23|128.31~REF|6R|1326085819Z1~AMT|B6|128.43~SE|138|0002~GE|2|435~IEA|1|000000440~