ISA|00|          |00|          |ZZ|ZIRMED         |29|E12705         |151028|0652|U|00401|000001480|0|P|^~GS|HP|ZIRMED|E12705|20151028|0652|1475|X|004010X091A1~ST|835|0001~BPR|I|54.94|C|ACH|CCP|01|081517693|DA|152302017594|1205296137||01|111000025|DA|488038453432|20151028~TRN|1|891431788|1205296137~REF|EV|E12705~DTM|405|20151027~N1|PR|NOVITAS SOLUTIONS, INC.~N3|PO BOX 3110~N4|MECHANICSBURG|PA|170551826~REF|2U|04412~PER|CX||TE|8552528782~N1|PE|DFW GERIATRICS PLLC|XX|1063835361~N3|2925 SKYWAY CIRCLE NORTH~N4|IRVING|TX|750383510~REF|TJ|464596718~LX|1~CLP|382-3941|1|92|54.94|14.02|MB|3215287716860|11|1~NM1|QC|1|TODD|LANA||||HN|449755855A~NM1|82|1||||||XX|1962447805~MOA|||MA01~DTM|050|20151014~SVC|HC^99213^25|88|54.94||1~DTM|472|20151002~CAS|CO|45|17.92||253|1.12~CAS|PR|2|14.02~REF|6R|1578043822Z1~REF|LU|11~AMT|B6|70.08~SVC|HC^94760|4|0||||1~DTM|472|20151002~CAS|CO|97|4~REF|6R|1578043822Z2~REF|LU|11~LQ|HE|M80~SE|34|0001~GE|1|1475~IEA|1|000001480~