ISA|00|          |00|          |ZZ|ZIRMED         |ZZ|PAYER          |150914|1246|U|00401|000001355|0|P|^~GS|HP|ZIRMED|PROVIDERHIS|20150914|1246|1350|X|004010X091A1~ST|835|0001~BPR|I|22.88|C|ACH|CCP|01|071000505|DA|5800366444|1742770542||01|111000025|DA|488038453432|20150914~TRN|1|0901507015|1742770542~REF|EV|999999999999999~DTM|405|20150914~N1|PR|SUPERIOR HEALTH PLAN~N3|6070 GATEWAY EAST|SUITE 400~N4|EL PASO|TX|79905~N1|PE|DFW GERIATRICS PLLC|XX|1063835361~N3|2925 SKWY CIR N~N4|IRVING|TX|75038~REF|TJ|464596718~LX|1~CLP|245-3726|4|134|22.88||HM|O253TXE06147|11|E~NM1|QC|1|LOVE|VICKIE||||MR|283504101~NM1|IL|1|LOVE|VICKIE||||MI|00259384701~NM1|82|1|KETHA|SUMANA||||XX|1962447805~REF|EA|000000001675~REF|G2|168813~SVC|HC^99214^25|130|22.88||1~DTM|472|20150804~CAS|CO|45|17.43~CAS|OA|23|89.69~REF|6R|1543338125Z1~REF|HPI|1962447805~AMT|B6|112.57~LQ|HE|N420~SVC|HC^94760|4|0||1~DTM|472|20150804~CAS|CO|97|4~REF|6R|1543338125Z2~REF|HPI|1962447805~AMT|B6|4~LQ|HE|N19~SE|35|0001~GE|1|1350~IEA|1|000001355~