ISA|00|          |00|          |ZZ|ZIRMED         |29|E12705         |150425|0737|U|00401|000000840|0|P|^~GS|HP|ZIRMED|E12705|20150425|0737|835|X|004010X091A1~ST|835|0001~BPR|H|0|C|NON||||||||||||20150427~TRN|1|459097058|1205296137~REF|EV|E12705~DTM|405|20150424~N1|PR|NOVITAS SOLUTIONS, INC.~N3|PO BOX 3110~N4|MECHANICSBURG|PA|170551826~REF|2U|04412~PER|CX||TE|8552528782~N1|PE|DFW GERIATRICS PLLC|XX|1063835361~N3|2925 SKYWAY CIRCLE NORTH~N4|IRVING|TX|750383510~REF|TJ|464596718~LX|1~CLP|408-2649|4|148|0||MB|2815113814660|11|1~NM1|QC|1|BUTNER|JOANN||||HN|467634822M~NM1|82|1||||||XX|1679978068~MOA|||MA130|MA61~DTM|050|20150423~SVC|HC^99214^25|130|0||||1~DTM|472|20150316~CAS|CO|140|130~REF|LU|11~REF|6R|1430504265Z1~LQ|HE|MA130~LQ|HE|MA61~SVC|HC^99406|18|0||||1~DTM|472|20150316~CAS|CO|140|18~REF|LU|11~REF|6R|1430504265Z2~LQ|HE|MA130~LQ|HE|MA61~SE|35|0001~ST|835|0002~BPR|I|9.55|C|ACH|CCP|01|081517693|DA|152302017594|1205296137||01|111000025|DA|488038453432|20150427~TRN|1|890050948|1205296137~REF|EV|E12705~DTM|405|20150424~N1|PR|NOVITAS SOLUTIONS, INC.~N3|PO BOX 3110~N4|MECHANICSBURG|PA|170551826~REF|2U|04412~PER|CX||TE|8552528782~N1|PE|DFW GERIATRICS PLLC|XX|1063835361~N3|2925 SKYWAY CIRCLE NORTH~N4|IRVING|TX|750383510~REF|TJ|464596718~LX|1~CLP|403-2623|1|148|9.55|2.44|MB|2815096567460|11|1~NM1|QC|1|GOFF|YOLANDA||||HN|559256714A~NM1|82|1||||||XX|1679978068~MOA|||MA01~DTM|050|20150406~SVC|HC^99214|130|0||||1~DTM|472|20150303~CAS|CO|B15|130~REF|LU|11~REF|6R|1414885982Z1~LQ|HE|M80~SVC|HC^99406|18|9.55||1~DTM|472|20150303~CAS|CO|45|5.81||253|.2~CAS|PR|2|2.44~REF|LU|11~REF|6R|1414885982Z2~AMT|B6|12.19~SE|34|0002~GE|2|835~IEA|1|000000840~