ISA|00|          |00|          |ZZ|ZIRMED         |29|E12705         |150806|0443|U|00401|000001215|0|P|^~GS|HP|ZIRMED|E12705|20150806|0443|1210|X|004010X091A1~ST|835|0001~BPR|I|291.88|C|ACH|CCP|01|081517693|DA|152302017594|1205296137||01|111000025|DA|488038453432|20150806~TRN|1|890712561|1205296137~REF|EV|E12705~DTM|405|20150805~N1|PR|NOVITAS SOLUTIONS, INC.~N3|PO BOX 3110~N4|MECHANICSBURG|PA|170551826~REF|2U|04412~PER|CX||TE|8552528782~N1|PE|DFW GERIATRICS PLLC|XX|1063835361~N3|2925 SKYWAY CIRCLE NORTH~N4|IRVING|TX|750383510~REF|TJ|464596718~LX|1~CLP|390-3516|19|130|72.97|18.61|MB|2815204651290|11|1~NM1|QC|1|ANDREWS|EDWARD||||HN|459842820A~NM1|82|1||||||XX|1679978068~NM1|TT|2|TX HEALTH & HUMAN SERVICES COMMI|||||PI|70051~MOA|||MA01|MA07~DTM|050|20150723~SVC|HC^99214|130|72.97||1~DTM|472|20150717~CAS|CO|45|36.93||253|1.49~CAS|PR|2|18.61~REF|6R|1507046532Z1~REF|LU|11~AMT|B6|93.07~CLP|311-3514|19|130|72.97|18.61|MB|2815204651270|11|1~NM1|QC|1|HOLLAND|LEE||||HN|451767936A~NM1|82|1||||||XX|1679978068~NM1|TT|2|TX HEALTH & HUMAN SERVICES COMMI|||||PI|70051~MOA|||MA01|MA07~DTM|050|20150723~SVC|HC^99214|130|72.97||1~DTM|472|20150717~CAS|CO|45|36.93||253|1.49~CAS|PR|2|18.61~REF|6R|1507046530Z1~REF|LU|11~AMT|B6|93.07~CLP|315-3513|19|130|72.97|18.61|MB|2815204651260|11|1~NM1|QC|1|PATTILLO|CATHY||||HN|458297430A~NM1|82|1||||||XX|1679978068~NM1|TT|2|TX HEALTH & HUMAN SERVICES COMMI|||||PI|70051~MOA|||MA01|MA07~DTM|050|20150723~SVC|HC^99214|130|72.97||1~DTM|472|20150717~CAS|CO|45|36.93||253|1.49~CAS|PR|2|18.61~REF|6R|1507046529Z1~REF|LU|11~AMT|B6|93.07~CLP|3457-3515|1|130|72.97|18.61|MB|2815204651280|11|1~NM1|QC|1|STEVENSON|RANDY||||HN|457845417C2~NM1|82|1||||||XX|1679978068~MOA|||MA01~DTM|050|20150723~SVC|HC^99214|130|72.97||1~DTM|472|20150717~CAS|CO|45|36.93||253|1.49~CAS|PR|2|18.61~REF|6R|1507046531Z1~REF|LU|11~AMT|B6|93.07~SE|67|0001~GE|1|1210~IEA|1|000001215~