ISA|00|          |00|          |ZZ|ZIRMED         |ZZ|11             |151118|0728|U|00401|000001563|0|P|^~GS|HP|ZIRMED|FIS123456789|20151118|0728|1558|X|004010X091A1~ST|835|0001~BPR|I|46.73|C|ACH|CCP|01|092904554|DA|150097034071|1201494502||01|111000025|DA|488038453432|20151117~TRN|1|EFT2971532|1201494502~REF|EV|FIS123456789~REF|F2|TXMC QNXT~DTM|405|20151116~N1|PR|MOLINA HEALTHCARE OF TEXAS, INC~N3|2505 N. STATE HIGHWAY 360|STE 300~N4|GRAND PRAIRIE|TX|75050~N1|PE|DFW PRIMARY CARE PLLC|XX|1063835361~N3|2925 SKYWAY CICLE NORTH~N4|IRVING|TX|750383510~REF|TJ|464596718~LX|1~CLP|2016-4236|1|130|46.73||MC|15317889507~NM1|QC|1|GILHART|JOHN|C|||MI|530427610~NM1|82|1|KETHA|SUMANA||||XX|1962447805~REF|CE|TQMBPL6979~DTM|232|20151109~DTM|233|20151109~DTM|050|20151113~AMT|AU|130~SVC|HC^99214|130|46.73||1~DTM|472|20151109~CAS|CO|45|83.27~REF|6R|1604917961Z1~AMT|B6|46.73~SE|28|0001~GE|1|1558~IEA|1|000001563~