ISA|00|          |00|          |ZZ|ZIRMED         |ZZ|GATE0084       |150428|0035|U|00401|000000842|1|P|^~GS|HP|ZIRMED|GATE0084|20150428|0035|837|X|004010X091A1~ST|835|0001~BPR|I|156.18|C|CHK||||||||||||20150424~TRN|1|PG46168462|1411289245|000087726~DTM|405|20150424~N1|PR|UNITED HEALTHCARE INSURANCE COMPANY|XV|87726~N3|P O BOX 740800~N4|ATLANTA|GA|303740800~REF|2U|87726~PER|CX|SPRINGFIELD SERVICE CENTER|TE|8778423210~N1|PE|SUMANA KETHA|XX|1063835361~N3|2925 SKYWAY CIR N~N4|IRVING|TX|750380000~REF|TJ|464596718~LX|1~TS3|1063835361|11|20151231|3|369~CLP|5008-2680|1|130|0||13|5017858093 0030094537|11|1~NM1|QC|1|VUTUKURU|SOWJANYA~NM1|IL|1|VUTUKURU|SOWJANYA||||MI|937269137~NM1|74|1|REDDY VUTUKURU|JAWAHARLAL~NM1|82|1|KETHA|SUMANA||||XX|1962447805~REF|CE|CHOYC+~REF|1L|226288~DTM|050|20150416~DTM|232|20141113~SVC|HC^99214|130|0||1~DTM|472|20141113~CAS|CO|29|130~REF|6R|1425080947Z1~CLP|5008-2681|1|53|0||13|5017858094 0030096861|11|1~NM1|QC|1|VUTUKURU|SOWJANYA~NM1|IL|1|VUTUKURU|SOWJANYA||||MI|937269137~NM1|74|1|REDDY VUTUKURU|JAWAHARLAL~NM1|82|1|KETHA|SUMANA||||XX|1962447805~REF|CE|CHOYC+~REF|1L|226288~DTM|050|20150416~DTM|232|20141209~SVC|HC^99211|24|0||1~DTM|472|20141209~CAS|CO|97|24~REF|6R|1425080948Z1~LQ|HE|M15~SVC|HC^96372|29|0||1~DTM|472|20141209~CAS|CO|29|53~CAS|OA|94|-24~REF|6R|1425080948Z2~CLP|5965-2674|1|186|156.18||13|5017858095 0044055670|11|1~NM1|QC|1|RAVURI|KRISHNA~NM1|IL|1|RAVURI|KRISHNA||||MI|961402839~NM1|74|1||SIVARAMA~NM1|82|1|KETHA|SUMANA||||XX|1962447805~REF|CE|CHOYC+~REF|1L|730292~DTM|050|20150416~DTM|232|20150206~AMT|AU|186~SVC|HC^99386|186|156.18||1~DTM|472|20150206~CAS|CO|45|29.82~REF|6R|1425084898Z1~AMT|B6|156.18~SE|63|0001~ST|835|0002~BPR|I|211.75|C|CHK||||||||||||20150424~TRN|1|PH90717267|1411289245|000087726~DTM|405|20150424~N1|PR|UNITED HEALTHCARE INSURANCE COMPANY|XV|87726~N3|P O BOX 740800~N4|ATLANTA|GA|303740800~REF|2U|87726~PER|CX|GREENSBORO SERVICE CENTER|TE|8778423210~N1|PE|SUMANA KETHA|XX|1063835361~N3|2925 SKYWAY CIR N~N4|IRVING|TX|750380000~REF|TJ|464596718~LX|1~TS3|1063835361|11|20151231|5|583~CLP|434-2668|1|130|91.66|25|13|5017796968 0028252028|11|1~NM1|QC|1|CHIROLDE|JULIO~NM1|IL|1|CHIROLDE|JULIO||||MI|000138381~NM1|74|1||GRICEL|G~NM1|82|1|KETHA|SUMANA||||XX|1962447805~REF|CE|CHOYC+~REF|1L|704267~DTM|050|20150416~DTM|232|20150116~AMT|AU|130~SVC|HC^99214|130|91.66||1~DTM|472|20150116~CAS|CO|45|13.34~CAS|PR|3|25~REF|6R|1425101571Z1~AMT|B6|116.66~CLP|432-2666|1|130|0||13|5017796969 0008147123|11|1~NM1|QC|1|SAMUTHIRAM|SIVAKUMAR~NM1|IL|1|SAMUTHIRAM|SIVAKUMAR||||MI|811572439~NM1|82|1|KETHA|SUMANA||||XX|1962447805~MOA|||MA15~REF|CE|CHOYC+~REF|1L|717730~DTM|050|20150416~DTM|232|20150109~SVC|HC^99214|130|0||1~DTM|472|20150109~CAS|CO|29|130~REF|6R|1425112204Z1~CLP|432-2666|1|48|0||13|5017796969 0008147126|11|1~NM1|QC|1|SAMUTHIRAM|SIVAKUMAR~NM1|IL|1|SAMUTHIRAM|SIVAKUMAR||||MI|811572439~NM1|82|1|KETHA|SUMANA||||XX|1962447805~MOA|||MA15~REF|1L|717730~REF|CE|CHOYC+~DTM|050|20150416~DTM|232|20150109~SVC|HC^90656|17|0||1~DTM|472|20150109~CAS|CO|29|17~REF|6R|1425112204Z2~SVC|HC^G0008|31|0||1~DTM|472|20150109~CAS|CO|29|31~REF|6R|1425112204Z3~CLP|2243-2675|1|145|120.09||13|5019218128 0021978070|11|1~NM1|QC|1|LIPSCOMB|CHADRICK~NM1|IL|1|LIPSCOMB|CHADRICK||||MI|949593787~NM1|82|1|KETHA|SUMANA||||XX|1962447805~REF|CE|CHOYC+~REF|1L|704374~DTM|050|20150417~DTM|232|20150206~AMT|AU|145~SVC|HC^99395|145|120.09||1~DTM|472|20150206~CAS|CO|45|24.91~REF|6R|1426241480Z1~AMT|B6|120.09~CLP|423-2633|1|130|0|116.66|13|5017858092 0140486047|11|1~NM1|QC|1|FAREEDA|JABEEN~NM1|IL|1|FAREEDA|JABEEN||||MI|918773674~NM1|74|1|MOHAMMED|AKRAMUDDIN~NM1|82|1|KETHA|SUMANA||||XX|1962447805~REF|1L|503777~REF|CE|CHOYC+~DTM|050|20150416~DTM|232|20150120~AMT|AU|130~SVC|HC^99214|130|0||1~DTM|472|20150120~CAS|CO|45|13.34~CAS|PR|1|116.66~REF|6R|1425080949Z1~AMT|B6|116.66~SE|92|0002~ST|835|0003~BPR|I|226.4|C|CHK||||||||||||20150424~TRN|1|QC59362695|1411289245|000087726~DTM|405|20150424~N1|PR|UNITED HEALTHCARE INSURANCE COMPANY|XV|87726~N3|P O BOX 740800~N4|ATLANTA|GA|303740800~REF|2U|87726~PER|CX|GREENSBORO SMALL GROUP|TE|8778423210~N1|PE|SUMANA KETHA|XX|1063835361~N3|2925 SKYWAY CIR N~N4|IRVING|TX|750380000~REF|TJ|464596718~LX|1~TS3|1063835361|11|20151231|3|449~CLP|5709-2673|1|130|0|130|13|5017858096 0193455060|11|1~NM1|QC|1|RAGHUNATH|HEMANTH~NM1|IL|1|RAGHUNATH|HEMANTH||||MI|973276161~NM1|82|1|KETHA|SUMANA||||XX|1962447805~REF|CE|CHOYC+~REF|1L|7S2700~DTM|036|20141101~DTM|050|20150416~DTM|232|20150206~SVC|HC^99214|130|0||1~DTM|472|20150206~CAS|PR|27|130~REF|6R|1425084896Z1~CLP|431-2657|1|159|91.66|54|13|5017796972 0253631514|11|1~NM1|QC|1|MOTHUKURI|SUNIL|K~NM1|IL|1|MOTHUKURI|SUNIL|K|||MI|964637480~NM1|74|1||SUNIL KUMAR~NM1|82|1|KETHA|SUMANA||||XX|1962447805~REF|1L|761570~REF|CE|CHOYC+~DTM|050|20150416~DTM|232|20150220~AMT|AU|159~SVC|HC^99214^25|130|91.66||1~DTM|472|20150220~CAS|CO|45|13.34~CAS|PR|3|25~REF|6R|1425104413Z1~AMT|B6|116.66~SVC|HC^96372|29|0||1~DTM|472|20150220~CAS|PR|1|29~REF|6R|1425104413Z2~AMT|B6|29~CLP|431-2664|1|160|134.74||13|5017796971 0253720321|11|1~NM1|QC|1|MOTHUKURI|SUNIL|K~NM1|IL|1|MOTHUKURI|SUNIL|K|||MI|964637480~NM1|74|1||SUNIL KUMAR~NM1|82|1|KETHA|SUMANA||||XX|1962447805~REF|CE|CHOYC+~REF|1L|761570~DTM|050|20150416~DTM|232|20150216~AMT|AU|160~SVC|HC^99385|160|134.74||1~DTM|472|20150216~CAS|CO|45|25.26~REF|6R|1425103872Z1~AMT|B6|134.74~SE|65|0003~GE|3|837~IEA|1|000000842~