ISA|00|          |00|          |ZZ|ZIRMED         |29|E12705         |150813|1720|U|00401|000000439|0|P|^~GS|HP|ZIRMED|E12705|20150813|1720|439|X|004010X091A1~ST|835|0001~BPR|H|0|C|NON||||||||||||20150813~TRN|1|459600403|1205296137~REF|EV|E12705~DTM|405|20150812~N1|PR|NOVITAS SOLUTIONS, INC.~N3|PO BOX 3110~N4|MECHANICSBURG|PA|170551826~REF|2U|04412~PER|CX||TE|8552528782~N1|PE|SUMANA KETHA, MD PA|XX|1356565865~N3|2925 SKYWAY CIRCLE NORTH~N4|IRVING|TX|750383510~REF|TJ|201401614~LX|1~CLP|5056-1834|1|109|0||MB|2815219597620|32|1~NM1|QC|1|LANGLEY|JIMMY||||HN|456584415A~NM1|82|1||||||XX|1962447805~MOA|||MA01~DTM|050|20150807~SVC|HC^99335|109|0||||1~DTM|472|20150611~CAS|CO|58|109~REF|6R|1520501639Z1~REF|LU|32~SE|26|0001~ST|835|0002~BPR|I|3486.13|C|ACH|CCP|01|081517693|DA|152302017594|1205296137||01|111000025|DA|004785310244|20150813~TRN|1|890761944|1205296137~REF|EV|E12705~DTM|405|20150812~N1|PR|NOVITAS SOLUTIONS, INC.~N3|PO BOX 3110~N4|MECHANICSBURG|PA|170551826~REF|2U|04412~PER|CX||TE|8552528782~N1|PE|SUMANA KETHA, MD PA|XX|1356565865~N3|2925 SKYWAY CIRCLE NORTH~N4|IRVING|TX|750383510~REF|TJ|201401614~LX|1~CLP|6059-1695|19|222|150.99|38.52|MB|2915211358060|33|1~NM1|QC|1|ARIZOLA|MARY||||HN|456301100C3~NM1|82|1||||||XX|1962447805~NM1|TT|2|TX HEALTH & HUMAN SERVICES COMMI|||||PI|70051~MOA|||MA01|MA07~DTM|050|20150730~SVC|HC^99337|222|150.99||1~DTM|472|20150726~CAS|CO|45|26.48||237|2.93||253|3.08~CAS|PR|2|38.52~REF|6R|1513495369Z1~REF|LU|33~AMT|B6|192.59~LQ|HE|N699~CLP|5885-1676|19|109|63.35|16.16|MB|2915211358420|33|1~NM1|QC|1|BARNETT|WALTER||||HN|458342969A~NM1|82|1||||||XX|1952303547~NM1|TT|2|SIERRA HEALTH & LIFE INSURANCE C|||||PI|30096~MOA|||MA01|MA18~DTM|050|20150730~SVC|HC^99335|109|63.35||1~DTM|472|20150722~CAS|CO|45|26.97||237|1.23||253|1.29~CAS|PR|2|16.16~REF|6R|1513510582Z1~REF|LU|33~AMT|B6|80.8~LQ|HE|N699~CLP|6076-1690|19|222|128.34|32.74|MB|2915211358330|33|1~NM1|QC|1|BUNNELL|EVA||||HN|450201772D~NM1|82|1||||||XX|1952303547~NM1|TT|2|TX HEALTH & HUMAN SERVICES COMMI|||||PI|70051~MOA|||MA01|MA07~DTM|050|20150730~SVC|HC^99337|222|128.34||1~DTM|472|20150723~CAS|CO|45|55.81||237|2.49||253|2.62~CAS|PR|2|32.74~REF|6R|1513507268Z1~REF|LU|33~AMT|B6|163.7~LQ|HE|N699~CLP|857-1696|19|222|150.99|38.52|MB|2915211358070|33|1~NM1|QC|1|BURTON|DOLORES||||HN|456446751A~NM1|82|1||||||XX|1962447805~NM1|TT|2|TX HEALTH & HUMAN SERVICES COMMI|||||PI|70051~MOA|||MA01|MA07~DTM|050|20150730~SVC|HC^99337|222|150.99||1~DTM|472|20150726~CAS|CO|45|26.48||237|2.93||253|3.08~CAS|PR|2|38.52~REF|6R|1513495370Z1~REF|LU|33~AMT|B6|192.59~LQ|HE|N699~CLP|5923-1681|19|109|63.35|16.16|MB|2915211358250|33|1~NM1|QC|1|CHOI|YOUNG||||HN|188661000M~NM1|82|1||||||XX|1952303547~NM1|TT|2|TX HEALTH & HUMAN SERVICES COMMI|||||PI|70051~MOA|||MA01|MA07~DTM|050|20150730~SVC|HC^99335|109|63.35||1~DTM|472|20150723~CAS|CO|45|26.97||237|1.23||253|1.29~CAS|PR|2|16.16~REF|6R|1513507253Z1~REF|LU|33~AMT|B6|80.8~LQ|HE|N699~CLP|156-1686|19|109|63.35|16.16|MB|2915211358290|33|1~NM1|QC|1|DOMINGUEZ|MARIA||||HN|456542337A~NM1|82|1||||||XX|1952303547~NM1|TT|2|TX HEALTH & HUMAN SERVICES COMMI|||||PI|70051~MOA|||MA01|MA07~DTM|050|20150730~SVC|HC^99335|109|63.35||1~DTM|472|20150723~CAS|CO|45|26.97||237|1.23||253|1.29~CAS|PR|2|16.16~REF|6R|1513507259Z1~REF|LU|33~AMT|B6|80.8~LQ|HE|N699~CLP|3671-1685|19|109|63.35|16.16|MB|2915211358280|33|1~NM1|QC|1|EDWARDS|PATSY||||HN|455501964A~NM1|82|1||||||XX|1952303547~NM1|TT|2|NORTH AMERICAN INSURANCE COMPANY|||||PI|30155~MOA|||MA01|MA18~DTM|050|20150730~SVC|HC^99335|109|63.35||1~DTM|472|20150723~CAS|CO|45|26.97||237|1.23||253|1.29~CAS|PR|2|16.16~REF|6R|1513507258Z1~REF|LU|33~AMT|B6|80.8~LQ|HE|N699~CLP|3525-1709|19|51|34.93|8.91|MB|2915211358190|32|1~NM1|QC|1|ELLISON|SHEILA||||HN|452922567A~NM1|82|1||||||XX|1962447805~NM1|TT|2|TX HEALTH & HUMAN SERVICES COMMI|||||PI|70051~MOA|||MA01|MA07~DTM|050|20150730~SVC|HC^99307|51|34.93||1~DTM|472|20150726~CAS|CO|45|5.77||237|.68||253|.71~CAS|PR|2|8.91~REF|6R|1513495383Z1~REF|LU|32~AMT|B6|44.55~LQ|HE|N699~CLP|2018-1693|19|222|150.99|38.52|MB|2915211358040|33|1~NM1|QC|1|FIELDS|JOYCE||||HN|450487270A~NM1|82|1||||||XX|1962447805~NM1|TT|2|TX HEALTH & HUMAN SERVICES COMMI|||||PI|70051~MOA|||MA01|MA07~DTM|050|20150730~SVC|HC^99337|222|150.99||1~DTM|472|20150726~CAS|CO|45|26.48||237|2.93||253|3.08~CAS|PR|2|38.52~REF|6R|1513495367Z1~REF|LU|33~AMT|B6|192.59~LQ|HE|N699~CLP|3827-1670|19|109|63.35|16.16|MB|2915211358210|33|1~NM1|QC|1|GEER|VIRGINIA||||HN|449448951D~NM1|82|1||||||XX|1952303547~NM1|TT|2|SIERRA HEALTH & LIFE INSURANCE C|||||PI|30096~MOA|||MA01|MA18~DTM|050|20150730~SVC|HC^99335|109|63.35||1~DTM|472|20150724~CAS|CO|45|26.97||237|1.23||253|1.29~CAS|PR|2|16.16~REF|6R|1513507246Z1~REF|LU|33~AMT|B6|80.8~LQ|HE|N699~CLP|50-1688|19|109|63.35|16.16|MB|2915211358310|33|1~NM1|QC|1|HUYNH|MAU||||HN|640241790A~NM1|82|1||||||XX|1952303547~NM1|TT|2|TX HEALTH & HUMAN SERVICES COMMI|||||PI|70051~MOA|||MA01|MA07~DTM|050|20150730~SVC|HC^99335|109|63.35||1~DTM|472|20150723~CAS|CO|45|26.97||237|1.23||253|1.29~CAS|PR|2|16.16~REF|6R|1513507263Z1~REF|LU|33~AMT|B6|80.8~LQ|HE|N699~CLP|796-1694|19|222|150.99|38.52|MB|2915211358050|33|1~NM1|QC|1|JOHNSON|GEORGIA||||HN|360420759M~NM1|82|1||||||XX|1962447805~NM1|TT|2|TX HEALTH & HUMAN SERVICES COMMI|||||PI|70051~MOA|||MA01|MA07~DTM|050|20150730~SVC|HC^99337|222|150.99||1~DTM|472|20150726~CAS|CO|45|26.48||237|2.93||253|3.08~CAS|PR|2|38.52~REF|6R|1513495368Z1~REF|LU|33~AMT|B6|192.59~LQ|HE|N699~CLP|5848-1677|19|109|63.35|16.16|MB|2915211358430|33|1~NM1|QC|1|JOHNSON|ROSEMARY||||HN|462149741A~NM1|82|1||||||XX|1952303547~NM1|TT|2|UNITEDHEALTH GROUP|||||PI|30002~MOA|||MA01|MA18~DTM|050|20150730~SVC|HC^99335|109|63.35||1~DTM|472|20150722~CAS|CO|45|26.97||237|1.23||253|1.29~CAS|PR|2|16.16~REF|6R|1513510583Z1~REF|LU|33~AMT|B6|80.8~LQ|HE|N699~CLP|3612-1684|19|222|128.34|32.74|MB|2915211358270|33|1~NM1|QC|1|KEILSON|GERALD||||HN|462301721A~NM1|82|1||||||XX|1952303547~NM1|TT|2|AMA INSURANCE AGENCY, INC.|||||PI|30150~MOA|||MA01|MA18~DTM|050|20150730~SVC|HC^99337|222|128.34||1~DTM|472|20150723~CAS|CO|45|55.81||237|2.49||253|2.62~CAS|PR|2|32.74~REF|6R|1513507256Z1~REF|LU|33~AMT|B6|163.7~LQ|HE|N699~CLP|5056-1708|1|51|34.93|8.91|MB|2915211358180|32|1~NM1|QC|1|LANGLEY|JIMMY||||HN|456584415A~NM1|82|1||||||XX|1962447805~MOA|||MA01~DTM|050|20150730~SVC|HC^99307|51|34.93||1~DTM|472|20150726~CAS|CO|45|5.77||237|.68||253|.71~CAS|PR|2|8.91~REF|6R|1513495382Z1~REF|LU|32~AMT|B6|44.55~LQ|HE|N699~CLP|5056-1606|1|79|53.93|13.76|MB|2915211358350|32|1~NM1|QC|1|LANGLEY|JIMMY||||HN|456584415A~NM1|82|1||||||XX|1962447805~MOA|||MA01~DTM|050|20150730~SVC|HC^99308|79|53.93||1~DTM|472|20150720~CAS|CO|45|9.16||237|1.05||253|1.1~CAS|PR|2|13.76~REF|6R|1513510573Z1~REF|LU|32~AMT|B6|68.79~LQ|HE|N699~CLP|5019-1671|19|222|128.34|32.74|MB|2915211358220|33|1~NM1|QC|1|MALLINGER|ANNE||||HN|345102566D~NM1|82|1||||||XX|1952303547~NM1|TT|2|UNITEDHEALTH GROUP|||||PI|30002~MOA|||MA01|MA18~DTM|050|20150730~SVC|HC^99337|222|128.34||1~DTM|472|20150724~CAS|CO|45|55.81||237|2.49||253|2.62~CAS|PR|2|32.74~REF|6R|1513507248Z1~REF|LU|33~AMT|B6|163.7~LQ|HE|N699~CLP|5903-1678|19|109|63.35|16.16|MB|2915211358440|33|1~NM1|QC|1|MARTINEZ|IBSEN||||HN|449715409A~NM1|82|1||||||XX|1952303547~NM1|TT|2|TX HEALTH & HUMAN SERVICES COMMI|||||PI|70051~MOA|||MA01|MA27|MA07~DTM|050|20150730~SVC|HC^99335|109|63.35||1~DTM|472|20150722~CAS|CO|45|26.97||237|1.23||253|1.29~CAS|PR|2|16.16~REF|6R|1513510584Z1~REF|LU|33~AMT|B6|80.8~LQ|HE|N699~CLP|6072-1666|19|222|149.06|38.03|MB|2915211358390|33|1~NM1|QC|1|MEDINA|MARTIN|V|||HN|461326975A~NM1|82|1||||||XX|1962447805~NM1|TT|2|TX HEALTH & HUMAN SERVICES COMMI|||||PI|70051~MOA|||MA01|MA07~DTM|050|20150730~SVC|HC^99337|222|149.06||1~DTM|472|20150721~CAS|CO|45|28.97||237|2.9||253|3.04~CAS|PR|2|38.03~REF|6R|1513510578Z1~REF|LU|33~AMT|B6|190.13~LQ|HE|N699~CLP|6033-1706|1|51|34.93|8.91|MB|2915211358160|32|1~NM1|QC|1|MONTEAUX|DORIS||||HN|465368367A~NM1|82|1||||||XX|1962447805~MOA|||MA01~DTM|050|20150730~SVC|HC^99307|51|34.93||1~DTM|472|20150726~CAS|CO|45|5.77||237|.68||253|.71~CAS|PR|2|8.91~REF|6R|1513495380Z1~REF|LU|32~AMT|B6|44.55~LQ|HE|N699~CLP|2824-1705|19|51|34.93|8.91|MB|2915211358150|32|1~NM1|QC|1|NORMAN|SUSAN||||HN|465116311A~NM1|82|1||||||XX|1962447805~NM1|TT|2|TX HEALTH & HUMAN SERVICES COMMI|||||PI|70051~MOA|||MA01|MA07~DTM|050|20150730~SVC|HC^99307|51|34.93||1~DTM|472|20150726~CAS|CO|45|5.77||237|.68||253|.71~CAS|PR|2|8.91~REF|6R|1513495379Z1~REF|LU|32~AMT|B6|44.55~LQ|HE|N699~CLP|5031-1672|19|222|128.34|32.74|MB|2915211358230|33|1~NM1|QC|1|PILGRIM|NELL||||HN|411098338D~NM1|82|1||||||XX|1952303547~NM1|TT|2|UNITEDHEALTH GROUP|||||PI|30002~MOA|||MA01|MA18~DTM|050|20150730~SVC|HC^99337|222|128.34||1~DTM|472|20150724~CAS|CO|45|55.81||237|2.49||253|2.62~CAS|PR|2|32.74~REF|6R|1513507249Z1~REF|LU|33~AMT|B6|163.7~LQ|HE|N699~CLP|6045-1702|19|51|34.93|8.91|MB|2915211358130|32|1~NM1|QC|1|PONCE|RAYMOND|J|||HN|562659571A~NM1|82|1||||||XX|1962447805~NM1|TT|2|TX HEALTH & HUMAN SERVICES COMMI|||||PI|70051~MOA|||MA01|MA07~DTM|050|20150730~SVC|HC^99307|51|34.93||1~DTM|472|20150726~CAS|CO|45|5.77||237|.68||253|.71~CAS|PR|2|8.91~REF|6R|1513495376Z1~REF|LU|32~AMT|B6|44.55~LQ|HE|N699~CLP|6125-1668|19|222|149.06|38.03|MB|2915211358400|33|1~NM1|QC|1|QUINN|IRENE||||HN|462283894D~NM1|82|1||||||XX|1962447805~NM1|TT|2|UNITEDHEALTH GROUP|||||PI|30002~MOA|||MA01|MA18~DTM|050|20150730~SVC|HC^99337|222|149.06||1~DTM|472|20150721~CAS|CO|45|28.97||237|2.9||253|3.04~CAS|PR|2|38.03~REF|6R|1513510580Z1~REF|LU|33~AMT|B6|190.13~LQ|HE|N699~CLP|356-1679|1|109|63.35|16.16|MB|2915211358450|33|1~NM1|QC|1|RUBIO|JANE||||HN|456449295B~NM1|82|1||||||XX|1952303547~MOA|||MA01~DTM|050|20150730~SVC|HC^99335|109|63.35||1~DTM|472|20150722~CAS|CO|45|26.97||237|1.23||253|1.29~CAS|PR|2|16.16~REF|6R|1513510585Z1~REF|LU|33~AMT|B6|80.8~LQ|HE|N699~CLP|243-1680|1|109|63.35|16.16|MB|2915211358460|33|1~NM1|QC|1|RUBIO|ROBERT||||HN|456449295A~NM1|82|1||||||XX|1952303547~MOA|||MA01~DTM|050|20150730~SVC|HC^99335|109|63.35||1~DTM|472|20150722~CAS|CO|45|26.97||237|1.23||253|1.29~CAS|PR|2|16.16~REF|6R|1513510587Z1~REF|LU|33~AMT|B6|80.8~LQ|HE|N699~CLP|3503-1701|19|193|130.83|33.38|MB|2915211358120|32|1~NM1|QC|1|RYLANDER|RICHARD||||HN|435661924A~NM1|82|1||||||XX|1962447805~NM1|TT|2|TX HEALTH & HUMAN SERVICES COMMI|||||PI|70051~MOA|||MA01|MA07~DTM|050|20150730~SVC|HC^99306|193|130.83||1~DTM|472|20150726~CAS|CO|45|23.58||237|2.54||253|2.67~CAS|PR|2|33.38~REF|6R|1513495375Z1~REF|LU|32~AMT|B6|166.88~LQ|HE|N699~CLP|5582-1703|19|51|34.93|8.91|MB|2915211358140|32|1~NM1|QC|1|SANDERS|TONY||||HN|467086770A~NM1|82|1||||||XX|1962447805~NM1|TT|2|TX HEALTH & HUMAN SERVICES COMMI|||||PI|70051~MOA|||MA01|MA07~DTM|050|20150730~SVC|HC^99307|51|34.93||1~DTM|472|20150726~CAS|CO|45|5.77||237|.68||253|.71~CAS|PR|2|8.91~REF|6R|1513495377Z1~REF|LU|32~AMT|B6|44.55~LQ|HE|N699~CLP|5929-1689|19|109|63.35|16.16|MB|2915211358320|33|1~NM1|QC|1|SCHROEDER|EDNA||||HN|466145851D~NM1|82|1||||||XX|1952303547~NM1|TT|2|UNITEDHEALTH GROUP|||||PI|30002~MOA|||MA01|MA18~DTM|050|20150730~SVC|HC^99335|109|63.35||1~DTM|472|20150723~CAS|CO|45|26.97||237|1.23||253|1.29~CAS|PR|2|16.16~REF|6R|1513507266Z1~REF|LU|33~AMT|B6|80.8~LQ|HE|N699~CLP|2274-1692|19|154|89.64|22.87|MB|2915211358340|33|1~NM1|QC|1|SHERIDAN|EDNA||||HN|486241601A~NM1|82|1||||||XX|1952303547~NM1|TT|2|TX HEALTH & HUMAN SERVICES COMMI|||||PI|70051~MOA|||MA01|MA07~DTM|050|20150730~SVC|HC^99336|154|89.64||1~DTM|472|20150723~CAS|CO|45|37.92||237|1.74||253|1.83~CAS|PR|2|22.87~REF|6R|1513507271Z1~REF|LU|33~AMT|B6|114.34~LQ|HE|N699~CLP|6060-1699|19|193|130.83|33.38|MB|2915211358100|32|1~NM1|QC|1|STATON|ELZIE|D|||HN|508786280T~NM1|82|1||||||XX|1962447805~NM1|TT|2|TX HEALTH & HUMAN SERVICES COMMI|||||PI|70051~MOA|||MA01|MA07~DTM|050|20150730~SVC|HC^99306|193|130.83||1~DTM|472|20150726~CAS|CO|45|23.58||237|2.54||253|2.67~CAS|PR|2|33.38~REF|6R|1513495373Z1~REF|LU|32~AMT|B6|166.88~LQ|HE|N699~CLP|865-1656|19|104|71.47|18.23|MB|2915211358470|32|1~NM1|QC|1|STEWARD|OTIS LEE||||HN|450965045A~NM1|82|1||||||XX|1962447805~NM1|TT|2|TX HEALTH & HUMAN SERVICES COMMI|||||PI|70051~MOA|||MA01|MA07~DTM|050|20150730~SVC|HC^99309|104|71.47||1~DTM|472|20150706~CAS|CO|45|11.45||237|1.39||253|1.46~CAS|PR|2|18.23~REF|6R|1513512548Z1~REF|LU|32~AMT|B6|91.16~LQ|HE|N699~CLP|6131-1663|19|222|149.06|38.03|MB|2915211358370|33|1~NM1|QC|1|TAYLOR|THOMAS|J|||HN|208283901A~NM1|82|1||||||XX|1962447805~NM1|TT|2|TX HEALTH & HUMAN SERVICES COMMI|||||PI|70051~MOA|||MA01|MA07~DTM|050|20150730~SVC|HC^99337|222|149.06||1~DTM|472|20150721~CAS|CO|45|28.97||237|2.9||253|3.04~CAS|PR|2|38.03~REF|6R|1513510575Z1~REF|LU|33~AMT|B6|190.13~LQ|HE|N699~CLP|726-1698|19|222|150.99|38.52|MB|2915211358090|33|1~NM1|QC|1|THOMAS|JIMMIE M||||HN|427101367D~NM1|82|1||||||XX|1962447805~NM1|TT|2|TX HEALTH & HUMAN SERVICES COMMI|||||PI|70051~MOA|||MA01|MA07~DTM|050|20150730~SVC|HC^99337|222|150.99||1~DTM|472|20150726~CAS|CO|45|26.48||237|2.93||253|3.08~CAS|PR|2|38.52~REF|6R|1513495372Z1~REF|LU|33~AMT|B6|192.59~LQ|HE|N699~CLP|6162-1662|19|193|130.83|33.38|MB|2915211358360|31|1~NM1|QC|1|TUMBWE|ELICE||||HN|461948613A~NM1|82|1||||||XX|1962447805~NM1|TT|2|TX HEALTH & HUMAN SERVICES COMMI|||||PI|70051~MOA|||MA01|MA07~DTM|050|20150730~SVC|HC^99306|193|130.83||1~DTM|472|20150721~CAS|CO|45|23.58||237|2.54||253|2.67~CAS|PR|2|33.38~REF|6R|1513510574Z1~REF|LU|31~AMT|B6|166.88~LQ|HE|N699~CLP|1412-1673|19|222|128.34|32.74|MB|2915211358240|33|1~NM1|QC|1|WARREN|PAULINE||||HN|460100892D~NM1|82|1||||||XX|1952303547~NM1|TT|2|TX HEALTH & HUMAN SERVICES COMMI|||||PI|70051~MOA|||MA01|MA07~DTM|050|20150730~SVC|HC^99337|222|128.34||1~DTM|472|20150724~CAS|CO|45|55.81||237|2.49||253|2.62~CAS|PR|2|32.74~REF|6R|1513507251Z1~REF|LU|33~AMT|B6|163.7~LQ|HE|N699~CLP|2821-1683|1|222|128.34|32.74|MB|2915211358260|33|1~NM1|QC|1|WOFFORD|LORENE||||HN|466264732D~NM1|82|1||||||XX|1952303547~MOA|||MA01~DTM|050|20150730~SVC|HC^99337|222|128.34||1~DTM|472|20150723~CAS|CO|45|55.81||237|2.49||253|2.62~CAS|PR|2|32.74~REF|6R|1513507254Z1~REF|LU|33~AMT|B6|163.7~LQ|HE|N699~SE|528|0002~GE|2|439~IEA|1|000000439~