ISA|00|          |00|          |ZZ|ZIRMED         |29|E12705         |150421|0330|U|00401|000000831|0|P|^~GS|HP|ZIRMED|E12705|20150421|0330|826|X|004010X091A1~ST|835|0001~BPR|I|72.61|C|ACH|CCP|01|081517693|DA|152302017594|1205296137||01|111000025|DA|488038453432|20150421~TRN|1|890018722|1205296137~REF|EV|E12705~DTM|405|20150420~N1|PR|NOVITAS SOLUTIONS, INC.~N3|PO BOX 3110~N4|MECHANICSBURG|PA|170551826~REF|2U|04412~PER|CX||TE|8552528782~N1|PE|DFW GERIATRICS PLLC|XX|1063835361~N3|2925 SKYWAY CIRCLE NORTH~N4|IRVING|TX|750383510~REF|TJ|464596718~LX|1~CLP|314-2609|1|382|72.61|18.52|MB|2815090199490|11|1~NM1|QC|1|PALMER|LARRY||||HN|382562993A~NM1|82|1||||||XX|1679978068~MOA|||MA01~DTM|050|20150331~SVC|HC^99214|130|72.61||1~DTM|472|20150206~CAS|CO|45|37.39||253|1.48~CAS|PR|2|18.52~REF|LU|11~REF|6R|1411167107Z1~AMT|B6|92.61~SVC|HC^95923|252|0||||1~DTM|472|20150206~CAS|CO|170|252~REF|LU|11~REF|6R|1411167107Z2~SE|33|0001~GE|1|826~IEA|1|000000831~