ISA|00|          |00|          |ZZ|ZIRMED         |30|611340767      |150602|0837|U|00401|000000996|0|P|^~GS|HP|ZIRMED|611340767|20150602|0837|991|X|004010X091A1~ST|835|0001~BPR|I|213.98|C|ACH|CCP|01|011900445|DA|0000009046|1066033492||01|111000025|DA|488038453432|20150605~TRN|1|815152560003531|1066033492~REF|EV|611340767~DTM|405|20150602~N1|PR|AETNA~N3|151 FARMINGTON AVENUE~N4|HARTFORD|CT|06156~N1|PE|KETHA, SUMANA|XX|1063835361~N3|2925 SKYWAY CIR N~N4|IRVING|TX|750383510~REF|PQ|762610840~REF|TJ|464596718~LX|1~TS3|1063835361|11|20151231|2|348~CLP|3592-2872|1|148|16.94|127.31|13|E4FBL16VF0000|11|1~NM1|QC|1|WILLIAMS|JERNEDRA||||MI|W208828971~NM1|82|1|KETHA|SUMANA||||XX|1063835361~REF|1L|0865348-011-00001- A~REF|CE|AETNA HEALTHFUND  AETNA CHOICE  POS II NET 00338~DTM|232|20150429~DTM|233|20150429~DTM|050|20150518~PER|CX||TE|8886323862~AMT|AU|148~SVC|HC^99406|18|16.94||1~DTM|472|20150429~CAS|CO|45|1.06~REF|6R|1451623936Z2~AMT|B6|16.94~SVC|HC^99214^25|130|0||1~DTM|472|20150429~CAS|CO|45|2.69~CAS|PR|1|127.31~REF|6R|1451623936Z1~AMT|B6|127.31~CLP|6041-2900|1|200|197.04||13|E5TWL3DZK0000|11|1~NM1|QC|1|RAJAN|ROBIN||||MI|W211854177~NM1|74|1|VARUGHESE|SHALY~NM1|82|1|KETHA|SUMANA||||XX|1063835361~REF|1L|0878752-035-00023-FD~REF|CE|AETNA HEALTHFUND  AETNA CHOICE  POS II NET 00338~DTM|232|20150512~DTM|233|20150512~DTM|050|20150520~PER|CX||TE|8886323862~AMT|AU|200~SVC|HC^99204|200|197.04||1~DTM|472|20150512~CAS|CO|45|2.96~CAS|PR|1|197.04||187|-197.04~REF|6R|1454185121Z1~AMT|B6|197.04~SE|54|0001~GE|1|991~IEA|1|000000996~