ISA|00|          |00|          |ZZ|ZIRMED         |ZZ|AV09311993     |150923|1544|U|00401|000001398|0|P|^~GS|HP|ZIRMED|AV01101957|20150923|1544|1393|X|004010X091A1~ST|835|0001~BPR|I|218.31|C|CHK||||||||||||20150922~TRN|1|C15265340231150|1361236610|CP201509223402311500~REF|EV|TX8355010~DTM|405|20150922~N1|PR|BLUECROSS BLUESHIELD OF TEXAS~N3|P O BOX 660044~N4|DALLAS|TX|752660044~REF|2U|G84980~N1|PE|DFW GERIATRICS PLLC|XX|1063835361~N3|2925 SKYWAY CIR N~N4|IRVING|TX|750383510~REF|TJ|464596718~LX|1~CLP|1139-3833|1|88|46.72|30|12|02015265502K9400X00|11|1~NM1|QC|1|ABRAHAM|SHERLY||||MI|ZGP832315926~NM1|74|1||VICTOR~NM1|82|1|KETHA|SUMANA||||XX|1962447805~REF|1L|0001627760000~REF|CE|PREFERRED PROVIDER ORGANIZATION~DTM|232|20150724~DTM|233|20150724~DTM|050|20150922~AMT|AU|76.72~SVC|HC^99213|88|46.72||1~DTM|472|20150724~CAS|CO|45|11.28~CAS|PR|1|30~REF|6R|1559574271Z1~AMT|B6|76.72~LX|2~CLP|1903-3779|1|88|46.72|30|12|02015259508Y2320X00|11|1~NM1|QC|1|MATHEWS|REENU||||MI|UTS0S36JI1L4~NM1|74|1|||R~NM1|82|1|KETHA|SUMANA||||XX|1962447805~REF|1L|0000717780040~REF|CE|PREFERRED PROVIDER ORGANIZATION~DTM|232|20150908~DTM|233|20150908~DTM|050|20150916~AMT|AU|76.72~SVC|HC^99213|88|46.72||1~DTM|472|20150908~CAS|CO|45|11.28~CAS|PR|1|30~REF|6R|1554572314Z1~AMT|B6|76.72~LX|3~CLP|6070-3836|1|145|124.87||12|02015265502K9430X00|11|1~NM1|QC|1|SHARMA|RENUKA||||MI|ZGP821689281~NM1|74|1||DINESH~NM1|82|1|KETHA|SUMANA||||XX|1962447805~REF|1L|0001027290000~REF|CE|PREFERRED PROVIDER ORGANIZATION~DTM|232|20150724~DTM|233|20150724~DTM|050|20150922~AMT|AU|124.87~SVC|HC^99395|145|124.87||1~DTM|472|20150724~CAS|CO|45|20.13~REF|6R|1559574274Z1~AMT|B6|124.87~SE|64|0001~GE|1|1393~IEA|1|000001398~