ISA|00|          |00|          |ZZ|ZIRMED         |ZZ|611358935      |150626|1255|U|00401|000001098|0|P|^~GS|HP|ZIRMED|611358935|20150626|1255|1093|X|004010X091A1~ST|835|0001~BPR|H|0|C|NON||||||||||||20150626~TRN|1|8651517006967 20150620 0040233|1591031071|62308~REF|EV|133052274~REF|F2|1~DTM|405|20150626~N1|PR|CIGNA HEALTH AND LIFE INSURANCE COMPANY~N3|P. O. BOX 182223~N4|CHATTANOOGA|TN|374227223~REF|2U|62308~N1|PE|DFW GERIATRICS PLLC|XX|1063835361~N3|2925 SKYWAY N CIR~N4|IRVING|TX|750383510~REF|TJ|464596718~LX|1~TS3|1063835361|11|20151231|1|200~CLP|5892-3029|1|200|0|179.56|13|8651517006967|11|1~NM1|QC|1|ANKEM|LAKSHMI|D|||MI|U3719966202~NM1|IL|1|ANKEM|LAKSHMI||||MI|U3719966201~NM1|82|1|KETHA|SUMANA|D|||XX|1962447805~REF|1L|3318596~REF|CE|OPEN ACCESS PLUS~DTM|050|20150619~DTM|232|20141223~DTM|233|20141223~PER|CX|MEMBER SERVICES|TE|8002446224~AMT|AU|179.56~SVC|HC^99204|200|0||||1~CAS|CO|45|20.44~CAS|PR|1|179.56~REF|6R|1477807150Z1~AMT|B6|179.56~SE|33|0001~ST|835|0002~BPR|H|0|C|NON||||||||||||20150626~TRN|1|8651517006968 20150620 0040234|1591031071|62308~REF|EV|133052274~REF|F2|1~DTM|405|20150626~N1|PR|CIGNA HEALTH AND LIFE INSURANCE COMPANY~N3|P. O. BOX 182223~N4|CHATTANOOGA|TN|374227223~REF|2U|62308~N1|PE|DFW GERIATRICS PLLC|XX|1063835361~N3|2925 SKYWAY N CIR~N4|IRVING|TX|750383510~REF|TJ|464596718~LX|1~TS3|1063835361|11|20151231|1|29~CLP|5892-2794|1|29|0|25.65|13|8651517006968|11|1~NM1|QC|1|ANKEM|LAKSHMI|D|||MI|U3719966202~NM1|IL|1|ANKEM|LAKSHMI||||MI|U3719966201~NM1|82|1|KETHA|SUMANA|D|||XX|1962447805~REF|1L|3318596~REF|CE|OPEN ACCESS PLUS~DTM|050|20150619~DTM|232|20150317~DTM|233|20150317~PER|CX|MEMBER SERVICES|TE|8002446224~AMT|AU|25.65~SVC|HC^99211^25|24|0||||1~CAS|CO|45|1.67~CAS|PR|1|22.33~REF|6R|1477807151Z1~AMT|B6|22.33~SVC|HC^J3420|5|0||||1~CAS|CO|45|1.68~CAS|PR|1|3.32~REF|6R|1477807151Z2~AMT|B6|3.32~SE|38|0002~GE|2|1093~IEA|1|000001098~