ISA|00|          |00|          |ZZ|ZIRMED         |29|E12705         |150218|0514|U|00401|000000606|0|P|^~GS|HP|ZIRMED|E12705|20150218|0514|601|X|004010X091A1~ST|835|0001~BPR|H|0|C|NON||||||||||||20150218~TRN|1|458744721|1205296137~REF|EV|E12705~DTM|405|20150217~N1|PR|NOVITAS SOLUTIONS, INC.~N3|PO BOX 3110~N4|MECHANICSBURG|PA|170551826~REF|2U|04412~PER|CX||TE|8552528782~N1|PE|DFW GERIATRICS PLLC|XX|1063835361~N3|2925 SKYWAY CIRCLE NORTH~N4|IRVING|TX|750383510~REF|TJ|464596718~LX|1~CLP|289-2160|1|104|0|104|MB|2915040217500|31|1~NM1|QC|1|PORCHE|MARGARET||||HN|281421765T~NM1|82|1||||||XX|1962447805~MOA|||MA01~DTM|050|20150209~SVC|HC^99309|104|0||||1~DTM|472|20141119~CAS|PR|26|104~REF|LU|31~REF|6R|1368551929Z1~SE|26|0001~ST|835|0002~BPR|I|2217.36|C|ACH|CCP|01|081517693|DA|152302017594|1205296137||01|111000025|DA|488038453432|20150218~TRN|1|889619019|1205296137~REF|EV|E12705~DTM|405|20150217~N1|PR|NOVITAS SOLUTIONS, INC.~N3|PO BOX 3110~N4|MECHANICSBURG|PA|170551826~REF|2U|04412~PER|CX||TE|8552528782~N1|PE|DFW GERIATRICS PLLC|XX|1063835361~N3|2925 SKYWAY CIRCLE NORTH~N4|IRVING|TX|750383510~REF|TJ|464596718~LX|1~CLP|159-1542|19|109|63.87|16.29|MB|2815035184130|33|1~NM1|QC|1|BARKER|M|L|||HN|450422259A~NM1|82|1||||||XX|1952303547~NM1|TT|2|TX HEALTH & HUMAN SERVICES COMMI|||||PI|70051~MOA|||MA01|MA07~DTM|050|20150204~SVC|HC^99335|109|63.87||1~DTM|472|20141120~CAS|CO|45|27.54||253|1.3~CAS|PR|2|16.29~REF|LU|33~REF|6R|1364378632Z1~AMT|B6|81.46~CLP|169-1802|19|222|129.81|33.11|MB|2815035184140|33|1~NM1|QC|1|BARKLEY|MARY||||HN|467427467A~NM1|82|1||||||XX|1952303547~NM1|TT|2|UNITEDHEALTH GROUP|||||PI|30002~MOA|||MA01|MA18~DTM|050|20150204~SVC|HC^99337|222|129.81||1~DTM|472|20141218~CAS|CO|45|56.43||253|2.65~CAS|PR|2|33.11~REF|LU|33~REF|6R|1364378636Z1~AMT|B6|165.57~CLP|117-1641|19|51|33.58|8.57|MB|2815035184150|31|1~NM1|QC|1|CHANCE|EUGENIA||||HN|466209252D~NM1|82|1||||||XX|1962447805~NM1|TT|2|TX HEALTH & HUMAN SERVICES COMMI|||||PI|70051~MOA|||MA01|MA07~DTM|050|20150204~SVC|HC^99307|51|33.58||1~DTM|472|20140807~CAS|CO|45|8.16||253|.69~CAS|PR|2|8.57~REF|LU|31~REF|6R|1364378649Z1~AMT|B6|42.84~CLP|323-1678|1|104|68.25|17.41|MB|2815035184350|32|1~NM1|QC|1|CHATMAN|RUFUS||||HN|455860013A~NM1|82|1||||||XX|1962447805~MOA|||MA01~DTM|050|20150204~SVC|HC^99309|104|68.25||1~DTM|472|20141205~CAS|CO|45|16.95||253|1.39~CAS|PR|2|17.41~REF|LU|32~REF|6R|1364600372Z1~AMT|B6|87.05~CLP|82-1638|19|104|68.25|17.41|MB|2815035184160|31|1~NM1|QC|1|CLARK|CAROLYN|L|||HN|457403636D~NM1|82|1||||||XX|1962447805~NM1|TT|2|UNITEDHEALTH GROUP|||||PI|30002~MOA|||MA01|MA18~DTM|050|20150204~SVC|HC^99309|104|68.25||1~DTM|472|20140807~CAS|CO|45|16.95||253|1.39~CAS|PR|2|17.41~REF|LU|31~REF|6R|1364378651Z1~AMT|B6|87.05~CLP|339-1811|19|234|152.6|38.93|MB|2815035184230|21|1~NM1|QC|1|CRUZ|PATRICIA|M|||HN|454367056C2~NM1|82|1||||||XX|1962447805~NM1|TT|2|TX HEALTH & HUMAN SERVICES COMMI|||||PI|70051~MOA|||MA01|MA07~DTM|050|20150204~SVC|HC^99223|234|152.6||1~DTM|472|20140816~CAS|CO|45|39.36||253|3.11~CAS|PR|2|38.93~REF|LU|21~REF|6R|1364421765Z1~AMT|B6|194.64~CLP|339-1812|19|120|78.09|19.92|MB|2815035184240|21|1~NM1|QC|1|CRUZ|PATRICIA|M|||HN|454367056C2~NM1|82|1||||||XX|1962447805~NM1|TT|2|TX HEALTH & HUMAN SERVICES COMMI|||||PI|70051~MOA|||MA01|MA07~DTM|050|20150204~SVC|HC^99233|120|78.09||1~DTM|472|20140817~CAS|CO|45|20.4||253|1.59~CAS|PR|2|19.92~REF|LU|21~REF|6R|1364422285Z1~AMT|B6|99.6~CLP|339-1813|19|120|78.09|19.92|MB|2815035184250|21|1~NM1|QC|1|CRUZ|PATRICIA|M|||HN|454367056C2~NM1|82|1||||||XX|1962447805~NM1|TT|2|TX HEALTH & HUMAN SERVICES COMMI|||||PI|70051~MOA|||MA01|MA07~DTM|050|20150204~SVC|HC^99233|120|78.09||1~DTM|472|20140818~CAS|CO|45|20.4||253|1.59~CAS|PR|2|19.92~REF|LU|21~REF|6R|1364422311Z1~AMT|B6|99.6~CLP|338-1810|19|109|63.87|16.29|MB|2815035184170|33|1~NM1|QC|1|DUNN|MYRTLE||||HN|295055739A~NM1|82|1||||||XX|1952303547~NM1|TT|2|HCSC-BCBS OF TX-FEP B ONLY|||||PI|80012~MOA|||MA01|MA18~DTM|050|20150204~SVC|HC^99335|109|63.87||1~DTM|472|20141218~CAS|CO|45|27.54||253|1.3~CAS|PR|2|16.29~REF|LU|33~REF|6R|1364378653Z1~AMT|B6|81.46~CLP|182-1342|19|104|68.25|17.41|MB|2815035184090|31|1~NM1|QC|1|EDWARDS|PATSY|R|||HN|455501964A~NM1|82|1||||||XX|1962447805~NM1|TT|2|NORTH AMERICAN INSURANCE COMPANY|||||PI|30155~MOA|||MA01|MA18~DTM|050|20150204~SVC|HC^99309^GW|104|68.25||1~DTM|472|20140821~CAS|CO|45|16.95||253|1.39~CAS|PR|2|17.41~REF|LU|31~REF|6R|1364374493Z1~AMT|B6|87.05~CLP|210-192|19|104|68.25|17.41|MB|2815035184360|31|1~NM1|QC|1|GILLENTINE|TERRY|W|||HN|453820909T~NM1|82|1||||||XX|1962447805~NM1|TT|2|AETNA, INC.|||||PI|00060~MOA|||MA01|MA18~DTM|050|20150204~SVC|HC^99309|104|68.25||1~DTM|472|20140825~CAS|CO|45|16.95||253|1.39~CAS|PR|2|17.41~REF|LU|31~REF|6R|1364604966Z1~AMT|B6|87.05~CLP|210-191|19|104|68.25|17.41|MB|2815035184370|31|1~NM1|QC|1|GILLENTINE|TERRY|W|||HN|453820909T~NM1|82|1||||||XX|1962447805~NM1|TT|2|AETNA, INC.|||||PI|00060~MOA|||MA01|MA18~DTM|050|20150204~SVC|HC^99309|104|68.25||1~DTM|472|20140818~CAS|CO|45|16.95||253|1.39~CAS|PR|2|17.41~REF|LU|31~REF|6R|1364610007Z1~AMT|B6|87.05~CLP|210-520|19|155|90.82|23.17|MB|2815035665150|31|1~NM1|QC|1|GILLENTINE|TERRY|W|||HN|453820909T~NM1|82|1||||||XX|1952303547~NM1|TT|2|AETNA, INC.|||||PI|00060~MOA|||MA01|MA18~DTM|050|20150204~SVC|HC^99310|155|90.82||1~DTM|472|20140813~CAS|CO|45|39.16||253|1.85~CAS|PR|2|23.17~REF|LU|31~REF|6R|1364611214Z1~AMT|B6|115.84~CLP|116-1512|19|222|129.81|33.11|MB|2815035184100|33|1~NM1|QC|1|HERVEY|EUGENE|J|||HN|449680119A~NM1|82|1||||||XX|1952303547~NM1|TT|2|GOV T EMPLOYEE S HEALTH ASSN|||||PI|80054~MOA|||MA01|MA18~DTM|050|20150204~SVC|HC^99337^GW|222|129.81||1~DTM|472|20141117~CAS|CO|45|56.43||253|2.65~CAS|PR|2|33.11~REF|LU|33~REF|6R|1364374496Z1~AMT|B6|165.57~CLP|116-1403|19|222|129.81|33.11|MB|2815035184110|33|1~NM1|QC|1|HERVEY|EUGENE|J|||HN|449680119A~NM1|82|1||||||XX|1952303547~NM1|TT|2|GOV T EMPLOYEE S HEALTH ASSN|||||PI|80054~MOA|||MA01|MA18~DTM|050|20150204~SVC|HC^99337^GW|222|129.81||1~DTM|472|20140922~CAS|CO|45|56.43||253|2.65~CAS|PR|2|33.11~REF|LU|33~REF|6R|1364374525Z1~AMT|B6|165.57~CLP|171-1639|19|51|33.58|8.57|MB|2815035184180|31|1~NM1|QC|1|HUYNH|MAU|T|||HN|640241790A~NM1|82|1||||||XX|1962447805~NM1|TT|2|TX HEALTH & HUMAN SERVICES COMMI|||||PI|70051~MOA|||MA01|MA07~DTM|050|20150204~SVC|HC^99307|51|33.58||1~DTM|472|20140807~CAS|CO|45|8.16||253|.69~CAS|PR|2|8.57~REF|LU|31~REF|6R|1364378665Z1~AMT|B6|42.84~CLP|78-1362|19|104|68.25|17.41|MB|2815035184120|32|1~NM1|QC|1|NELSON|HELEN|R|||HN|452520020M~NM1|82|1||||||XX|1962447805~NM1|TT|2|TX HEALTH & HUMAN SERVICES COMMI|||||PI|70051~MOA|||MA01|MA07~DTM|050|20150204~SVC|HC^99309^GW|104|68.25||1~DTM|472|20140929~CAS|CO|45|16.95||253|1.39~CAS|PR|2|17.41~REF|LU|32~REF|6R|1364378542Z1~AMT|B6|87.05~CLP|176-1640|19|51|33.58|8.57|MB|2815035184190|31|1~NM1|QC|1|PILGRIM|NELL|L|||HN|411098338D~NM1|82|1||||||XX|1962447805~NM1|TT|2|UNITEDHEALTH GROUP|||||PI|30002~MOA|||MA01|MA18~DTM|050|20150204~SVC|HC^99307|51|33.58||1~DTM|472|20140807~CAS|CO|45|8.16||253|.69~CAS|PR|2|8.57~REF|LU|31~REF|6R|1364378670Z1~AMT|B6|42.84~CLP|176-1797|19|222|129.81|33.11|MB|2815035184200|33|1~NM1|QC|1|PILGRIM|NELL|L|||HN|411098338D~NM1|82|1||||||XX|1952303547~NM1|TT|2|UNITEDHEALTH GROUP|||||PI|30002~MOA|||MA01|MA18~DTM|050|20150204~SVC|HC^99337|222|129.81||1~DTM|472|20141215~CAS|CO|45|56.43||253|2.65~CAS|PR|2|33.11~REF|LU|33~REF|6R|1364378672Z1~AMT|B6|165.57~CLP|230-765|19|155|90.82|23.17|MB|2815035184260|31|1~NM1|QC|1|RICE|DOROTHY|W|||HN|449744206D~NM1|82|1||||||XX|1952303547~NM1|TT|2|UNITEDHEALTH GROUP|||||PI|30002~MOA|||MA01|MA18~DTM|050|20150204~SVC|HC^99310|155|90.82||1~DTM|472|20140918~CAS|CO|45|39.16||253|1.85~CAS|PR|2|23.17~REF|LU|31~REF|6R|1364587300Z1~AMT|B6|115.84~CLP|230-1181|19|104|61.06|15.58|MB|2815035184270|31|1~NM1|QC|1|RICE|DOROTHY|W|||HN|449744206D~NM1|82|1||||||XX|1952303547~NM1|TT|2|UNITEDHEALTH GROUP|||||PI|30002~MOA|||MA01|MA18~DTM|050|20150204~SVC|HC^99309|104|61.06||1~DTM|472|20141112~CAS|CO|45|26.11||253|1.25~CAS|PR|2|15.58~REF|LU|31~REF|6R|1364588830Z1~AMT|B6|77.89~CLP|230-1163|19|79|51.8|13.21|MB|2815035184280|32|1~NM1|QC|1|RICE|DOROTHY|W|||HN|449744206D~NM1|82|1||||||XX|1962447805~NM1|TT|2|UNITEDHEALTH GROUP|||||PI|30002~MOA|||MA01|MA18~DTM|050|20150204~SVC|HC^99308|79|51.8||1~DTM|472|20141023~CAS|CO|45|12.93||253|1.06~CAS|PR|2|13.21~REF|LU|32~REF|6R|1364589061Z1~AMT|B6|66.07~CLP|230-1196|19|79|51.8|13.21|MB|2815035184290|31|1~NM1|QC|1|RICE|DOROTHY|W|||HN|449744206D~NM1|82|1||||||XX|1962447805~NM1|TT|2|UNITEDHEALTH GROUP|||||PI|30002~MOA|||MA01|MA18~DTM|050|20150204~SVC|HC^99308|79|51.8||1~DTM|472|20141030~CAS|CO|45|12.93||253|1.06~CAS|PR|2|13.21~REF|LU|31~REF|6R|1364589306Z1~AMT|B6|66.07~CLP|230-1258|19|104|61.06|15.58|MB|2815035184300|31|1~NM1|QC|1|RICE|DOROTHY|W|||HN|449744206D~NM1|82|1||||||XX|1952303547~NM1|TT|2|UNITEDHEALTH GROUP|||||PI|30002~MOA|||MA01|MA18~DTM|050|20150204~SVC|HC^99309|104|61.06||1~DTM|472|20141020~CAS|CO|45|26.11||253|1.25~CAS|PR|2|15.58~REF|LU|31~REF|6R|1364589331Z1~AMT|B6|77.89~CLP|230-1276|19|104|61.06|15.58|MB|2815035184310|31|1~NM1|QC|1|RICE|DOROTHY|W|||HN|449744206D~NM1|82|1||||||XX|1952303547~NM1|TT|2|UNITEDHEALTH GROUP|||||PI|30002~MOA|||MA01|MA18~DTM|050|20150204~SVC|HC^99309|104|61.06||1~DTM|472|20141015~CAS|CO|45|26.11||253|1.25~CAS|PR|2|15.58~REF|LU|31~REF|6R|1364589483Z1~AMT|B6|77.89~CLP|230-1168|19|104|68.25|17.41|MB|2815035184320|31|1~NM1|QC|1|RICE|DOROTHY|W|||HN|449744206D~NM1|82|1||||||XX|1962447805~NM1|TT|2|UNITEDHEALTH GROUP|||||PI|30002~MOA|||MA01|MA18~DTM|050|20150204~SVC|HC^99309|104|68.25||1~DTM|472|20140925~CAS|CO|45|16.95||253|1.39~CAS|PR|2|17.41~REF|LU|31~REF|6R|1364589546Z1~AMT|B6|87.05~CLP|230-1328|19|79|51.8|13.21|MB|2815035184330|31|1~NM1|QC|1|RICE|DOROTHY|W|||HN|449744206D~NM1|82|1||||||XX|1962447805~NM1|TT|2|UNITEDHEALTH GROUP|||||PI|30002~MOA|||MA01|MA18~DTM|050|20150204~SVC|HC^99308|79|51.8||1~DTM|472|20141002~CAS|CO|45|12.93||253|1.06~CAS|PR|2|13.21~REF|LU|31~REF|6R|1364590092Z1~AMT|B6|66.07~CLP|230-1329|19|104|68.25|17.41|MB|2815035184340|31|1~NM1|QC|1|RICE|DOROTHY|W|||HN|449744206D~NM1|82|1||||||XX|1962447805~NM1|TT|2|UNITEDHEALTH GROUP|||||PI|30002~MOA|||MA01|MA18~DTM|050|20150204~SVC|HC^99309|104|68.25||1~DTM|472|20141007~CAS|CO|45|16.95||253|1.39~CAS|PR|2|17.41~REF|LU|31~REF|6R|1364590473Z1~AMT|B6|87.05~CLP|213-351|19|104|61.06|15.58|MB|2815035665160|31|1~NM1|QC|1|WHITESIDE|VERA||||HN|458807017M~NM1|82|1||||||XX|1952303547~NM1|TT|2|TX HEALTH & HUMAN SERVICES COMMI|||||PI|70051~MOA|||MA01|MA07~DTM|050|20150204~SVC|HC^99309|104|61.06||1~DTM|472|20140703~CAS|CO|45|26.11||253|1.25~CAS|PR|2|15.58~REF|LU|31~REF|6R|1364649411Z1~AMT|B6|77.89~CLP|13-1642|19|51|33.58|8.57|MB|2815035184210|31|1~NM1|QC|1|WREN|BILLIE|N|||HN|523465985A~NM1|82|1||||||XX|1962447805~NM1|TT|2|TX HEALTH & HUMAN SERVICES COMMI|||||PI|70051~MOA|||MA01|MA07~DTM|050|20150204~SVC|HC^99307|51|33.58||1~DTM|472|20140807~CAS|CO|45|8.16||253|.69~CAS|PR|2|8.57~REF|LU|31~REF|6R|1364378732Z1~AMT|B6|42.84~SE|405|0002~GE|2|601~IEA|1|000000606~