ISA|00|          |00|          |ZZ|ZIRMED         |ZZ|GATE0084       |150609|0138|U|00401|000001007|1|P|^~GS|HP|ZIRMED|GATE0084|20150609|0138|1002|X|004010X091A1~ST|835|0001~BPR|I|91.66|C|CHK||||||||||||20150605~TRN|1|PH90879250|1411289245|000087726~DTM|405|20150605~N1|PR|UNITED HEALTHCARE INSURANCE COMPANY|XV|87726~N3|SPRINGFIELD SERVICE CENTER|P O BOX 30555~N4|SALT LAKE CITY|UT|841300555~REF|2U|87726~PER|CX|SPRINGFIELD SERVICE CENTER|TE|8778423210~N1|PE|SUMANA KETHA|XX|1063835361~N3|2925 SKYWAY CIR N~N4|IRVING|TX|750380000~REF|TJ|464596718~LX|1~TS3|1063835361|11|20151231|1|130~CLP|5975-2933|1|130|91.66|25|14|5080409356 0054524920|11|1~NM1|QC|1|PATTERSON|LAWRENCE~NM1|IL|1|PATTERSON|LAWRENCE||||MI|963213985~NM1|74|1|||K~NM1|82|1|KETHA|SUMANA||||XX|1962447805~REF|1L|701823~REF|CE|SEL EPO~DTM|050|20150602~DTM|232|20150521~AMT|AU|130~SVC|HC^99214|130|91.66||1~DTM|472|20150521~CAS|CO|45|13.34~CAS|PR|3|25~REF|6R|1463401535Z1~AMT|B6|116.66~SE|32|0001~ST|835|0002~BPR|I|269.48|C|CHK||||||||||||20150605~TRN|1|QC10088065|1411289245|000087726~DTM|405|20150605~N1|PR|UNITED HEALTHCARE INSURANCE COMPANY|XV|87726~N3|GREENSBORO SERVICE CENTER|PO BOX 30555~N4|SALT LAKE CITY|UT|841300555~REF|2U|87726~PER|CX|GREENSBORO SERVICE CENTER|TE|8778423210~N1|PE|SUMANA KETHA|XX|1063835361~N3|2925 SKYWAY CIR N~N4|IRVING|TX|750380000~REF|TJ|464596718~LX|1~TS3|1063835361|11|20151231|2|320~CLP|6039-2898|1|160|134.74||13|5060414823 0014158837|11|1~NM1|QC|1|KOLAWOLE|OLUWABUKOLA~NM1|IL|1|KOLAWOLE|OLUWABUKOLA||||MI|940293716~NM1|74|1|||V~NM1|82|1|KETHA|SUMANA||||XX|1962447805~REF|1L|902732~REF|CE|COMP BA~DTM|050|20150520~DTM|232|20150511~AMT|AU|160~SVC|HC^99385|160|134.74||1~DTM|472|20150511~CAS|CO|45|25.26~REF|6R|1454127257Z1~AMT|B6|134.74~CLP|6042-2901|1|160|134.74||13|5060414824 0014158470|11|1~NM1|QC|1|MAKI|MERIDIAN~NM1|IL|1|MAKI|MERIDIAN||||MI|978166921~NM1|82|1|KETHA|SUMANA||||XX|1962447805~REF|CE|COMP BA~REF|1L|902732~DTM|050|20150520~DTM|232|20150511~AMT|AU|160~SVC|HC^99385|160|134.74||1~DTM|472|20150511~CAS|CO|45|25.26~REF|6R|1454132060Z1~AMT|B6|134.74~SE|45|0002~ST|835|0003~BPR|I|134.74|C|CHK||||||||||||20150605~TRN|1|QC59548068|1411289245|000087726~DTM|405|20150605~N1|PR|UNITED HEALTHCARE INSURANCE COMPANY|XV|87726~N3|CHICO SERVICE CENTER|P.O. BOX 740800~N4|ATLANTA|GA|303740800~REF|2U|87726~PER|CX|CHICO SERVICE CENTER|TE|8778423210~N1|PE|SUMANA KETHA|XX|1063835361~N3|2925 SKYWAY CIR N~N4|IRVING|TX|750380000~REF|TJ|464596718~LX|1~TS3|1063835361|11|20151231|1|160~CLP|6043-2930|1|160|134.74||13|5080409355 0014420737|11|1~NM1|QC|1|SINGH|AMIT KUMAR~NM1|IL|1|SINGH|AMIT KUMAR||||MI|931891256~NM1|82|1|KETHA|SUMANA||||XX|1962447805~REF|CE|CHOYC+~REF|1L|902866~DTM|050|20150602~DTM|232|20150507~AMT|AU|160~SVC|HC^99385|160|134.74||1~DTM|472|20150507~CAS|CO|45|25.26~REF|6R|1463401533Z1~AMT|B6|134.74~SE|30|0003~GE|3|1002~IEA|1|000001007~