ISA|00|          |00|          |ZZ|ZIRMED         |ZZ|AV09311993     |150824|0949|U|00401|000002065|0|P|^~GS|HP|ZIRMED|AV01101957|20150824|0949|2062|X|004010X091A1~ST|835|0001~BPR|I|336.1|C|ACH|CCP|01|031100209|DA|38153758|1610994632||01|111000025|DA|488038453322|20150825~TRN|1|011840011360441|1610994632~REF|EV|030240928~DTM|405|20150823~N1|PR|HUMANA INC.|XV|610647538~N3|P.O. BOX 14601~N4|LEXINGTON|KY|405124601~N1|PE|TEXAS PHYSICIAN HOUSE CALLS PL|XX|1124441423~N3|2925 SKYWAY CIR N~N4|IRVING|TX|750383510~REF|PQ|323517~REF|TJ|464596181~LX|1~TS3|1962447805|11|20151231|3|389~CLP|5825-7245|1|61|53.45||16|156209891|11|1~NM1|QC|1|FORD|NELL||||MI|H51880346~NM1|74|1|FORD|NELL||||C|H51880346~NM1|82|1|KETHA|SUMANA||||XX|1962447805~REF|1L|0Q321419~REF|CE|MEDICARE ADVANTAGE HMO~DTM|232|20150708~DTM|233|20150708~DTM|050|20150820~PER|CX|N TEXAS SPECIALTY PHYSICIANS|TE|8173328847~SVC|HC^G0180|61|53.45||1~DTM|472|20150708~CAS|CO|253|1.09||45|6.46~REF|6R|1532175583Z1~AMT|B6|54.54~CLP|5825-7246|1|124|107.29||16|156209892|11|1~NM1|QC|1|FORD|NELL||||MI|H51880346~NM1|74|1|FORD|NELL||||C|H51880346~NM1|82|1|KETHA|SUMANA||||XX|1962447805~REF|1L|0Q321419~REF|CE|MEDICARE ADVANTAGE HMO~DTM|232|20150731~DTM|233|20150731~DTM|050|20150820~PER|CX|N TEXAS SPECIALTY PHYSICIANS|TE|8173328847~SVC|HC^G0181|124|107.29||1~DTM|472|20150731~CAS|CO|253|2.19||45|14.52~REF|6R|1532175584Z1~AMT|B6|109.48~CLP|5825-7289|1|204|175.36||16|156220990|12|1~NM1|QC|1|FORD|NELL||||MI|H51880346~NM1|74|1|FORD|NELL||||C|H51880346~NM1|82|1|KETHA|SUMANA||||XX|1962447805~REF|1L|0Q321419~REF|CE|MEDICARE ADVANTAGE HMO~DTM|232|20150520~DTM|233|20150520~DTM|050|20150820~PER|CX|N TEXAS SPECIALTY PHYSICIANS|TE|8173328847~SVC|HC^99350|204|175.36||1~DTM|472|20150520~CAS|CO|253|3.58||45|25.06~REF|6R|1532679514Z1~AMT|B6|178.94~SE|61|0001~GE|1|2062~IEA|1|000002065~