ISA|00|          |00|          |ZZ|ZIRMED         |30|611340767      |150630|0838|U|00401|000001104|0|P|^~GS|HP|ZIRMED|611340767|20150630|0838|1099|X|004010X091A1~ST|835|0001~BPR|I|127.31|C|ACH|CCP|01|011900445|DA|0000009046|1066033492||01|111000025|DA|488038453432|20150703~TRN|1|815180530003887|1066033492~REF|EV|611340767~DTM|405|20150630~N1|PR|AETNA~N3|151 FARMINGTON AVENUE~N4|HARTFORD|CT|06156~N1|PE|KETHA, SUMANA|XX|1063835361~N3|2925 SKYWAY CIR N~N4|IRVING|TX|750383510~REF|PQ|762610840~REF|TJ|464596718~LX|1~TS3|1063835361|11|20151231|1|130~CLP|608-3020|1|130|127.31||13|EQJLM9BB20000|11|1~NM1|QC|1|BUCK|ANGELA||||MI|W142893066~NM1|74|1||JACK~NM1|82|1|KETHA|SUMANA||||XX|1063835361~REF|1L|0818912-033-00551-XC~REF|CE|AEXCEL  PLUS AETNA CHOICE  POS II NET 00338~DTM|232|20150522~DTM|233|20150522~DTM|050|20150618~PER|CX||TE|8886323862~AMT|AU|130~SVC|HC^99214|130|127.31||1~DTM|472|20150522~CAS|CO|45|2.69~REF|6R|1477825720Z1~AMT|B6|127.31~SE|32|0001~GE|1|1099~IEA|1|000001104~