ISA|00|          |00|          |ZZ|ZIRMED         |ZZ|11             |151023|0726|U|00401|000001470|0|P|^~GS|HP|ZIRMED|FIS123456789|20151023|0726|1465|X|004010X091A1~ST|835|0001~BPR|H|0|C|NON||||||||||||20151021~TRN|1|CHKHST18465625|1201494502~REF|EV|FIS123456789~REF|F2|TXMC QNXT~DTM|405|20151021~N1|PR|MOLINA HEALTHCARE OF TEXAS, INC~N3|2505 N. STATE HIGHWAY 360|STE 300~N4|GRAND PRAIRIE|TX|75050~N1|PE|DFW PRIMARY CARE PLLC|XX|1063835361~N3|2925 SKYWAY CICLE NORTH~N4|IRVING|TX|750383510~REF|TJ|464596718~LX|1~CLP|6128-3942|1|311|0||MC|15288905445~NM1|QC|1|ALEJANDRO|MARIA|D|||MI|517149732~NM1|82|1|KETHA|SUMANA||||XX|1962447805~NM1|PR|2|UNITED HEALTHCARE - 65978|||||PI|730292~REF|CE|QMXBP7786~DTM|232|20151002~DTM|233|20151002~DTM|050|20151015~SVC|HC^99204^25|200|0||1~DTM|472|20151002~CAS|CO|16|200~REF|6R|1578045131Z1~LQ|HE|MA04~SVC|HC^90654|23|0||1~DTM|472|20151002~CAS|CO|16|23~REF|6R|1578045131Z2~LQ|HE|MA04~SVC|HC^90471|33|0||1~DTM|472|20151002~CAS|CO|16|33~REF|6R|1578045131Z3~LQ|HE|MA04~SVC|HC^96372|29|0||1~DTM|472|20151002~CAS|CO|16|29~REF|6R|1578045131Z4~LQ|HE|MA04~SVC|HC^94760|4|0||1~DTM|472|20151002~CAS|CO|16|4~REF|6R|1578045131Z5~LQ|HE|MA04~SVC|HC^G0444|22|0||1~DTM|472|20151002~CAS|CO|16|22~REF|6R|1578045131Z6~LQ|HE|MA04~CLP|553-3905|1|471|0||MC|15293916645~NM1|QC|1|LARGE|BILLY|W|||MI|615579278~NM1|82|1|KETHA|SUMANA||||XX|1962447805~REF|CE|TQMBPL6979~DTM|232|20150925~DTM|233|20150925~DTM|050|20151020~SVC|HC^99214^25|130|0||1~DTM|472|20150925~CAS|OA|18|130~REF|6R|1581343479Z1~SVC|HC^90654|23|0||1~DTM|472|20150925~CAS|OA|18|23~REF|6R|1581343479Z2~SVC|HC^90471|33|0||1~DTM|472|20150925~CAS|OA|18|33~REF|6R|1581343479Z3~SVC|HC^96372|29|0||1~DTM|472|20150925~CAS|OA|18|29~REF|6R|1581343479Z4~SVC|HC^94760|4|0||1~DTM|472|20150925~CAS|OA|18|4~REF|6R|1581343479Z5~SVC|HC^95923|252|0||1~DTM|472|20150925~CAS|OA|18|252~REF|6R|1581343479Z6~CLP|1128-3829|1|467|0||MC|15293916647~NM1|QC|1|MARTINEZ|MARTIN||||MI|530608840~NM1|82|1|KETHA|SUMANA||||XX|1962447805~REF|CE|TQMBPL6979~DTM|232|20150911~DTM|233|20150911~DTM|050|20151020~SVC|HC^99214^25|130|0||1~DTM|472|20150911~CAS|OA|18|130~REF|6R|1581346170Z1~SVC|HC^95923|252|0||1~DTM|472|20150911~CAS|OA|18|252~REF|6R|1581346170Z2~SVC|HC^96372|29|0||1~DTM|472|20150911~CAS|OA|18|29~REF|6R|1581346170Z3~SVC|HC^90654|23|0||1~DTM|472|20150911~CAS|OA|18|23~REF|6R|1581346170Z4~SVC|HC^90471|33|0||1~DTM|472|20150911~CAS|OA|18|33~REF|6R|1581346170Z5~SE|111|0001~ST|835|0002~BPR|I|85.84|C|ACH|CCP|01|092904554|DA|150097034071|1201494502||01|111000025|DA|488038453432|20151022~TRN|1|EFT2909555|1201494502~REF|EV|FIS123456789~REF|F2|TXMC QNXT~DTM|405|20151021~N1|PR|MOLINA HEALTHCARE OF TEXAS, INC~N3|2505 N. STATE HIGHWAY 360|STE 300~N4|GRAND PRAIRIE|TX|75050~N1|PE|DFW PRIMARY CARE PLLC|XX|1063835361~N3|2925 SKYWAY CICLE NORTH~N4|IRVING|TX|750383510~REF|TJ|464596718~LX|1~CLP|6085-3997|1|130|85.84|21.9|HM|15292884383~NM1|QC|1|ARINWINE|VERA|L|||MI|500000028402~NM1|82|1|KETHA|SUMANA||||XX|1962447805~REF|CE|QMXBP8141~DTM|232|20151015~DTM|233|20151015~DTM|050|20151019~AMT|AU|108.1~SVC|HC^99214|130|85.84||1~DTM|472|20151015~CAS|CO|131|1.75||45|20.51~CAS|PR|2|21.9~REF|6R|1580292404Z1~AMT|B6|109.49~CLP|6085-3997|1|130|0||MC|15292884383M~NM1|QC|1|ARINWINE|VERA|L|||MI|500000028402~NM1|74|1||||||C|529814914~NM1|82|1|KETHA|SUMANA||||XX|1962447805~REF|CE|QMXBP8137~DTM|232|20151015~DTM|233|20151015~DTM|050|20151020~AMT|AU|130~SVC|HC^99214|130|0||1~DTM|472|20151015~CAS|CO|45|44.16~CAS|OA|23|85.84~REF|6R|1580292404Z1~AMT|B6|46.73~SE|44|0002~GE|2|1465~IEA|1|000001470~