ISA|00|          |00|          |ZZ|ZIRMED         |ZZ|AV09311993     |150103|1359|U|00401|000000423|0|P|^~GS|HP|ZIRMED|AV01101957|20150103|1359|418|X|004010X091A1~ST|835|0001~BPR|I|63.75|C|CHK||||||||||||20150102~TRN|1|C15002333121270|1361236610|CP201501023331212700~REF|EV|TX8355010~DTM|405|20150102~N1|PR|BLUECROSS BLUESHIELD OF TEXAS~N3|P O BOX 660044~N4|DALLAS|TX|752660044~REF|2U|G84980~N1|PE|DFW GERIATRICS PLLC|XX|1063835361~N3|2925 SKYWAY CIR N~N4|IRVING|TX|750383510~REF|TJ|464596718~LX|1~CLP|63-620|2|155|23.17||12|02015002577E9470X00|31|1~NM1|QC|1|CONNELL|WILLIAM|B|||MI|FNA847513661~NM1|82|1|MARCO|DALE|A|||XX|1952303547~REF|1L|0000795870008~REF|CE|MEDICARE CROSSOVER CLAIM~DTM|232|20140910~DTM|233|20140910~DTM|050|20150102~AMT|AU|115.84~SVC|HC^99310|155|23.17||1~DTM|472|20140910~CAS|OA|23|131.83~REF|6R|1321930022Z1~AMT|B6|115.84~LX|2~CLP|211-621|2|104|17.41||15|02015002576H3560X00|31|1~NM1|QC|1|LEE|VERNIA|L|||MI|ZGM860032447~NM1|82|1|KETHA|SUMANA||||XX|1962447805~REF|1L|0000TX1030000~REF|CE|MEDICARE CROSSOVER CLAIM~DTM|232|20140911~DTM|233|20140911~DTM|050|20150102~AMT|AU|87.05~SVC|HC^99309|104|17.41||1~DTM|472|20140911~CAS|OA|23|86.59~REF|6R|1320199936Z1~AMT|B6|87.05~LX|3~CLP|211-559|2|155|23.17||15|02015002576H4090X00|31|1~NM1|QC|1|LEE|VERNIA|L|||MI|ZGM860032447~NM1|82|1|MARCO|DALE|A|||XX|1952303547~REF|1L|0000TX1030000~REF|CE|MEDICARE CROSSOVER CLAIM~DTM|232|20140828~DTM|233|20140828~DTM|050|20150102~AMT|AU|115.84~SVC|HC^99310|155|23.17||1~DTM|472|20140828~CAS|OA|23|131.83~REF|6R|1321923819Z1~AMT|B6|115.84~SE|59|0001~ST|835|0002~BPR|I|16.29|C|CHK||||||||||||20150102~TRN|1|C15002117381660|1361236610|CP201501021173816600~REF|EV|TX8355010~DTM|405|20150102~N1|PR|BLUECROSS BLUESHIELD OF TEXAS~N3|P O BOX 660044~N4|DALLAS|TX|752660044~REF|2U|G84980~N1|PE|DFW GERIATRICS PLLC|XX|1063835361~N3|2925 SKYWAY CIR N~N4|IRVING|TX|750383510~REF|TJ|464596718~LX|1~CLP|139-555|2|109|16.29||ZZ|02015002578N6710X00|33|1~NM1|QC|1|BUTNER|JOANN||||MI|R02401367~NM1|IL|1|BUTNER|JOANN||||MI|R02401367~NM1|82|1|MARCO|DALE|A|||XX|1952303547~REF|1L|0000FEPTX0102~REF|CE|MEDICARE CROSSOVER CLAIM~DTM|232|20140828~DTM|233|20140828~DTM|050|20150102~AMT|AU|81.46~SVC|HC^99335|109|16.29||1~DTM|472|20140828~CAS|CO|23|27.54~CAS|OA|23|65.17~REF|6R|1321923816Z1~AMT|B6|81.46~SE|31|0002~GE|2|418~IEA|1|000000423~