ISA|00|          |00|          |ZZ|ZIRMED         |29|E12705         |150128|0640|U|00401|000000490|0|P|^~GS|HP|ZIRMED|E12705|20150128|0640|485|X|004010X091A1~ST|835|0001~BPR|H|0|C|NON||||||||||||20150128~TRN|1|458607758|1205296137~REF|EV|E12705~DTM|405|20150127~N1|PR|NOVITAS SOLUTIONS, INC.~N3|PO BOX 3110~N4|MECHANICSBURG|PA|170551826~REF|2U|04412~PER|CX||TE|8552528782~N1|PE|DFW GERIATRICS PLLC|XX|1063835361~N3|2925 SKYWAY CIRCLE NORTH~N4|IRVING|TX|750383510~REF|TJ|464596718~LX|1~CLP|282-1229|1|155|0||MB|2815008659320|31|1~NM1|QC|1|LUGO|HOPE||||HN|463301592A~NM1|82|1||||||XX|1962447805~NM1|PR|2|PACIFICARE OF TEXAS|||||PI|H4590~MOA|||MA01~DTM|050|20150108~SVC|HC^99310|155|0||||1~DTM|472|20141027~CAS|CO|109|155~REF|LU|31~REF|6R|1340666409Z1~SE|27|0001~ST|835|0002~BPR|I|1579.99|C|ACH|CCP|01|081517693|DA|152302017594|1205296137||01|111000025|DA|488038453432|20150128~TRN|1|889467079|1205296137~REF|EV|E12705~DTM|405|20150127~N1|PR|NOVITAS SOLUTIONS, INC.~N3|PO BOX 3110~N4|MECHANICSBURG|PA|170551826~REF|2U|04412~PER|CX||TE|8552528782~N1|PE|DFW GERIATRICS PLLC|XX|1063835361~N3|2925 SKYWAY CIRCLE NORTH~N4|IRVING|TX|750383510~REF|TJ|464596718~LX|1~CLP|169-471|19|104|61.06|15.58|MB|2814345357580|31|1~NM1|QC|1|BARKLEY|MARY||||HN|467427467A~NM1|82|1||||||XX|1952303547~NM1|TT|2|UNITEDHEALTH GROUP|||||PI|30002~MOA|||MA01|MA18~DTM|050|20141211~AMT|I|.06~SVC|HC^99309|104|61.06||1~DTM|472|20140804~CAS|CO|45|26.11||253|1.25~CAS|PR|2|15.58~REF|LU|31~REF|6R|1315922470Z1~AMT|B6|77.89~CLP|169-491|19|109|63.87|16.29|MB|2814345357750|33|1~NM1|QC|1|BARKLEY|MARY||||HN|467427467A~NM1|82|1||||||XX|1952303547~NM1|TT|2|UNITEDHEALTH GROUP|||||PI|30002~MOA|||MA01|MA18~DTM|050|20141211~AMT|I|.07~SVC|HC^99335|109|63.87||1~DTM|472|20140806~CAS|CO|45|27.54||253|1.3~CAS|PR|2|16.29~REF|LU|33~REF|6R|1315922494Z1~AMT|B6|81.46~CLP|169-516|19|222|129.81|33.11|MB|2814345358010|33|1~NM1|QC|1|BARKLEY|MARY||||HN|467427467A~NM1|82|1||||||XX|1952303547~NM1|TT|2|UNITEDHEALTH GROUP|||||PI|30002~MOA|||MA01|MA18~DTM|050|20141211~AMT|I|.14~SVC|HC^99337|222|129.81||1~DTM|472|20140813~CAS|CO|45|56.43||253|2.65~CAS|PR|2|33.11~REF|LU|33~REF|6R|1315922603Z1~AMT|B6|165.57~CLP|169-1244|19|109|63.87|16.29|MB|2914357082520|33|1~NM1|QC|1|BARKLEY|MARY||||HN|467427467A~NM1|82|1||||||XX|1952303547~NM1|TT|2|UNITEDHEALTH GROUP|||||PI|30002~MOA|||MA01|MA18~DTM|050|20141223~AMT|I|.02~SVC|HC^99335|109|63.87||1~DTM|472|20141030~CAS|CO|45|27.54||253|1.3~CAS|PR|2|16.29~REF|LU|33~REF|6R|1327934336Z1~AMT|B6|81.46~CLP|229-1171|19|104|68.25|17.41|MB|2914357082970|31|1~NM1|QC|1|CATALANO|MARY|D|||HN|276284634A~NM1|82|1||||||XX|1962447805~NM1|TT|2|BCBS OF MICHIGAN|||||PI|00055~MOA|||MA01|MA18~DTM|050|20141223~AMT|I|.02~SVC|HC^99309|104|68.25||1~DTM|472|20140925~CAS|CO|45|16.95||253|1.39~CAS|PR|2|17.41~REF|LU|31~REF|6R|1327979566Z1~AMT|B6|87.05~CLP|95-339|19|51|30.05|7.67|MB|2814344853080|31|1~NM1|QC|1|DAILY|TOM|A|||HN|467645645A~NM1|82|1||||||XX|1952303547~NM1|TT|2|TX HEALTH & HUMAN SERVICES COMMI|||||PI|70051~MOA|||MA01|MA07~DTM|050|20141210~AMT|I|.03~SVC|HC^99307|51|30.05||1~DTM|472|20140703~CAS|CO|45|12.67||253|.61~CAS|PR|2|7.67~REF|LU|31~REF|6R|1315264183Z1~AMT|B6|38.33~CLP|95-402|19|104|61.06|15.58|MB|2814345356930|31|1~NM1|QC|1|DAILY|TOM|A|||HN|467645645A~NM1|82|1||||||XX|1952303547~NM1|TT|2|TX HEALTH & HUMAN SERVICES COMMI|||||PI|70051~MOA|||MA01|MA07~DTM|050|20141211~AMT|I|.06~SVC|HC^99309|104|61.06||1~DTM|472|20140717~CAS|CO|45|26.11||253|1.25~CAS|PR|2|15.58~REF|LU|31~REF|6R|1315910892Z1~AMT|B6|77.89~CLP|74-352|19|51|30.05|7.67|MB|2814344853200|31|1~NM1|QC|1|HANLON|MARY|M|||HN|554609386C2~NM1|82|1||||||XX|1952303547~NM1|TT|2|TX HEALTH & HUMAN SERVICES COMMI|||||PI|70051~MOA|||MA01|MA07~DTM|050|20141210~AMT|I|.03~SVC|HC^99307|51|30.05||1~DTM|472|20140703~CAS|CO|45|12.67||253|.61~CAS|PR|2|7.67~REF|LU|31~REF|6R|1315280643Z1~AMT|B6|38.33~CLP|74-384|19|104|61.06|15.58|MB|2814345356810|31|1~NM1|QC|1|HANLON|MARY|M|||HN|554609386C2~NM1|82|1||||||XX|1952303547~NM1|TT|2|TX HEALTH & HUMAN SERVICES COMMI|||||PI|70051~MOA|||MA01|MA07~DTM|050|20141211~AMT|I|.06~SVC|HC^99309|104|61.06||1~DTM|472|20140710~CAS|CO|45|26.11||253|1.25~CAS|PR|2|15.58~REF|LU|31~REF|6R|1315910856Z1~AMT|B6|77.89~CLP|11-462|19|70|40.79|10.4|MB|2814345357510|33|1~NM1|QC|1|HOCHMUTH|BERNICE|D|||HN|106201099A~NM1|82|1||||||XX|1952303547~NM1|TT|2|TX HEALTH & HUMAN SERVICES COMMI|||||PI|70051~MOA|||MA01|MA07~DTM|050|20141211~AMT|I|.04~SVC|HC^99334|70|40.79||1~DTM|472|20140730~CAS|CO|45|17.98||253|.83~CAS|PR|2|10.4~REF|LU|33~REF|6R|1315920820Z1~AMT|B6|52.02~CLP|11-507|19|104|61.06|15.58|MB|2814345357920|31|1~NM1|QC|1|HOCHMUTH|BERNICE|D|||HN|106201099A~NM1|82|1||||||XX|1952303547~NM1|TT|2|TX HEALTH & HUMAN SERVICES COMMI|||||PI|70051~MOA|||MA01|MA07~DTM|050|20141211~AMT|I|.06~SVC|HC^99309|104|61.06||1~DTM|472|20140811~CAS|CO|45|26.11||253|1.25~CAS|PR|2|15.58~REF|LU|31~REF|6R|1315922594Z1~AMT|B6|77.89~CLP|11-183|19|51|33.58|8.57|MB|2814345358050|31|1~NM1|QC|1|HOCHMUTH|BERNICE|D|||HN|106201099A~NM1|82|1||||||XX|1962447805~NM1|TT|2|TX HEALTH & HUMAN SERVICES COMMI|||||PI|70051~MOA|||MA01|MA07~DTM|050|20141211~AMT|I|.04~SVC|HC^99307|51|33.58||1~DTM|472|20140814~CAS|CO|45|8.16||253|.69~CAS|PR|2|8.57~REF|LU|31~REF|6R|1315929957Z1~AMT|B6|42.84~CLP|11-1307|19|222|129.81|33.11|MB|2914357083060|33|1~NM1|QC|1|HOCHMUTH|BERNICE|D|||HN|106201099A~NM1|82|1||||||XX|1952303547~NM1|TT|2|TX HEALTH & HUMAN SERVICES COMMI|||||PI|70051~MOA|||MA01|MA07~DTM|050|20141223~AMT|I|.05~SVC|HC^99337|222|129.81||1~DTM|472|20140929~CAS|CO|45|56.43||253|2.65~CAS|PR|2|33.11~REF|LU|33~REF|6R|1327979576Z1~AMT|B6|165.57~CLP|131-1300|19|104|61.06|15.58|MB|2914357551910|32|1~NM1|QC|1|JOHNSON|GEORGE||||HN|451619160A~NM1|82|1||||||XX|1952303547~NM1|TT|2|TX HEALTH & HUMAN SERVICES COMMI|||||PI|70051~MOA|||MA01|MA07~DTM|050|20141223~AMT|I|.02~SVC|HC^99309|104|61.06||1~DTM|472|20141013~CAS|CO|45|26.11||253|1.25~CAS|PR|2|15.58~REF|LU|32~REF|6R|1328105974Z1~AMT|B6|77.89~CLP|156-1232|19|109|71.38|18.21|MB|2914357082440|33|1~NM1|QC|1|LEWIS|EDWARD||||HN|547680273A~NM1|82|1||||||XX|1962447805~NM1|TT|2|TX HEALTH & HUMAN SERVICES COMMI|||||PI|70051~MOA|||MA01|MA07~DTM|050|20141223~AMT|I|.02~SVC|HC^99335|109|71.38||1~DTM|472|20141023~CAS|CO|45|17.95||253|1.46~CAS|PR|2|18.21~REF|LU|33~REF|6R|1327922913Z1~AMT|B6|91.05~CLP|58-510|19|155|90.82|23.17|MB|2814345357950|31|1~NM1|QC|1|PASEK|VELMA|L|||HN|487092006D~NM1|82|1||||||XX|1952303547~NM1|TT|2|HCSC-BCBS OF TX-FEP B ONLY|||||PI|80012~MOA|||MA01|MA18~DTM|050|20141211~AMT|I|.1~SVC|HC^99310|155|90.82||1~DTM|472|20140811~CAS|CO|45|39.16||253|1.85~CAS|PR|2|23.17~REF|LU|31~REF|6R|1315922597Z1~AMT|B6|115.84~CLP|58-1264|19|104|68.25|17.41|MB|2914357082740|31|1~NM1|QC|1|PASEK|VELMA|L|||HN|487092006D~NM1|82|1||||||XX|1962447805~NM1|TT|2|HCSC-BCBS OF TX-FEP B ONLY|||||PI|80012~MOA|||MA01|MA18~DTM|050|20141223~AMT|I|.02~SVC|HC^99309|104|68.25||1~DTM|472|20141021~CAS|CO|45|16.95||253|1.39~CAS|PR|2|17.41~REF|LU|31~REF|6R|1327941120Z1~AMT|B6|87.05~CLP|176-432|19|104|61.06|15.58|MB|2814345357210|31|1~NM1|QC|1|PILGRIM|NELL|L|||HN|411098338D~NM1|82|1||||||XX|1952303547~NM1|TT|2|UNITEDHEALTH GROUP|||||PI|30002~MOA|||MA01|MA18~DTM|050|20141211~AMT|I|.06~SVC|HC^99309|104|61.06||1~DTM|472|20140731~CAS|CO|45|26.11||253|1.25~CAS|PR|2|15.58~REF|LU|31~REF|6R|1315914316Z1~AMT|B6|77.89~CLP|176-1281|19|222|129.81|33.11|MB|2914357082840|33|1~NM1|QC|1|PILGRIM|NELL|L|||HN|411098338D~NM1|82|1||||||XX|1952303547~NM1|TT|2|UNITEDHEALTH GROUP|||||PI|30002~MOA|||MA01|MA18~DTM|050|20141223~AMT|I|.05~SVC|HC^99337|222|129.81||1~DTM|472|20141015~CAS|CO|45|56.43||253|2.65~CAS|PR|2|33.11~REF|LU|33~REF|6R|1327952259Z1~AMT|B6|165.57~CLP|176-1290|19|109|71.38|18.21|MB|2914357082900|33|1~NM1|QC|1|PILGRIM|NELL|L|||HN|411098338D~NM1|82|1||||||XX|1962447805~NM1|TT|2|UNITEDHEALTH GROUP|||||PI|30002~MOA|||MA01|MA18~DTM|050|20141223~AMT|I|.02~SVC|HC^99335|109|71.38||1~DTM|472|20141013~CAS|CO|45|17.95||253|1.46~CAS|PR|2|18.21~REF|LU|33~REF|6R|1327952265Z1~AMT|B6|91.05~CLP|176-1310|19|222|129.81|33.11|MB|2914357083090|33|1~NM1|QC|1|PILGRIM|NELL|L|||HN|411098338D~NM1|82|1||||||XX|1952303547~NM1|TT|2|UNITEDHEALTH GROUP|||||PI|30002~MOA|||MA01|MA18~DTM|050|20141223~AMT|I|.05~SVC|HC^99337|222|129.81||1~DTM|472|20140929~CAS|CO|45|56.43||253|2.65~CAS|PR|2|33.11~REF|LU|33~REF|6R|1327979579Z1~AMT|B6|165.57~CLP|275-1257|19|104|61.06|15.58|MB|2914357082660|31|1~NM1|QC|1|SZKOLA|GERTRUDE|A|||HN|364058383A~NM1|82|1||||||XX|1952303547~NM1|TT|2|BCBS OF MICHIGAN|||||PI|00055~MOA|||MA01|MA18~DTM|050|20141223~AMT|I|.02~SVC|HC^99309|104|61.06||1~DTM|472|20141020~CAS|CO|45|26.11||253|1.25~CAS|PR|2|15.58~REF|LU|31~REF|6R|1327941111Z1~AMT|B6|77.89~PLB|1063835361|20151231|L6|-1.04~SE|325|0002~GE|2|485~IEA|1|000000490~