ISA|00|          |00|          |ZZ|ZIRMED         |ZZ|GATE0084       |150210|0121|U|00401|000000559|1|P|^~GS|HP|ZIRMED|GATE0084|20150210|0121|554|X|004010X091A1~ST|835|0001~BPR|I|15.58|C|CHK||||||||||||20150206~TRN|1|PG45471163|1411289245|000087726~DTM|405|20150206~N1|PR|UNITED HEALTHCARE INSURANCE COMPANY|XV|87726~N3|SAN ANTONIO SERVICE CENTER|PO BOX 740809~N4|ATLANTA|GA|303740809~REF|2U|87726~PER|CX|SAN ANTONIO SERVICE CENTER|TE|8778423210~N1|PE|SUMANA KETHA|XX|1063835361~N3|2925 SKYWAY CIR N~N4|IRVING|TX|750380000~REF|TJ|464596718~LX|1~TS3|1063835361|32|20151231|1|104~CLP|271-1449|2|104|15.58||13|4900702133 0016955060|32|1~NM1|QC|1|BOYD|BETTYE|N~NM1|IL|1|BOYD|BETTYE|N|||MI|000500550~NM1|82|1|KETHA|SUMANA||||XX|1952303547~REF|CE|CHOYC+~REF|1L|744260~DTM|050|20150122~DTM|232|20141013~AMT|AU|76.64~SVC|HC^99309|104|15.58||1~DTM|472|20141013~CAS|OA|23|88.42~REF|6R|1337437187Z1~AMT|B6|76.64~LQ|HE|N23~SE|31|0001~GE|1|554~IEA|1|000000559~