ISA|00|          |00|          |ZZ|ZIRMED         |ZZ|AV09311993     |150426|0524|U|00401|000000841|0|P|^~GS|HP|ZIRMED|AV01101957|20150426|0524|836|X|004010X091A1~ST|835|0001~BPR|I|39.25|C|CHK||||||||||||20150424~TRN|1|C15114118469150|1361236610|CP201504241184691500~REF|EV|TX8355010~DTM|405|20150424~N1|PR|BLUECROSS BLUESHIELD OF TEXAS~N3|P O BOX 660044~N4|DALLAS|TX|752660044~REF|2U|G84980~N1|PE|DFW GERIATRICS PLLC|XX|1063835361~N3|2925 SKYWAY CIR N~N4|IRVING|TX|750383510~REF|TJ|464596718~LX|1~CLP|405-2645|2|104|17.5||15|0201511257K39540X00|32|1~NM1|QC|1|BUTNER|JOANN||||MI|R02401367~NM1|IL|1|BUTNER|JOANN||||MI|R02401367~NM1|82|1|KETHA|SUMANA||||XX|1962447805~REF|1L|0000FEPTX0102~REF|CE|MEDICARE CROSSOVER CLAIM~DTM|232|20150216~DTM|233|20150216~DTM|050|20150422~AMT|AU|87.49~SVC|HC^99309|104|17.5||1~DTM|472|20150216~CAS|CO|23|16.51~CAS|OA|23|69.99~REF|6R|1416246893Z1~AMT|B6|87.49~LX|2~CLP|405-2646|2|51|8.55||15|0201511257K50940X00|31|1~NM1|QC|1|BUTNER|JOANN||||MI|R02401367~NM1|IL|1|BUTNER|JOANN||||MI|R02401367~NM1|82|1|KETHA|SUMANA||||XX|1962447805~REF|1L|0000FEPTX0102~REF|CE|MEDICARE CROSSOVER CLAIM~DTM|232|20150212~DTM|233|20150212~DTM|050|20150422~AMT|AU|42.75~SVC|HC^99307|51|8.55||1~DTM|472|20150212~CAS|CO|23|8.25~CAS|OA|23|34.2~REF|6R|1416247889Z1~AMT|B6|42.75~LX|3~CLP|405-2590|2|79|13.2||15|0201511257K51740X00|32|1~NM1|QC|1|BUTNER|JOANN||||MI|R02401367~NM1|IL|1|BUTNER|JOANN||||MI|R02401367~NM1|82|1|KETHA|SUMANA||||XX|1962447805~REF|1L|0000FEPTX0102~REF|CE|MEDICARE CROSSOVER CLAIM~DTM|232|20150202~DTM|233|20150202~DTM|050|20150422~AMT|AU|66.02~SVC|HC^99308|79|13.2||1~DTM|472|20150202~CAS|CO|23|12.98~CAS|OA|23|52.82~REF|6R|1416246883Z1~AMT|B6|66.02~SE|65|0001~ST|835|0002~BPR|I|31.16|C|CHK||||||||||||20150424~TRN|1|C15114336039520|1361236610|CP201504243360395200~REF|EV|TX8355010~DTM|405|20150424~N1|PR|BLUECROSS BLUESHIELD OF TEXAS~N3|P O BOX 660044~N4|DALLAS|TX|752660044~REF|2U|G84980~N1|PE|DFW GERIATRICS PLLC|XX|1063835361~N3|2925 SKYWAY CIR N~N4|IRVING|TX|750383510~REF|TJ|464596718~LX|1~CLP|63-745|2|104|15.58||12|02015114579C3080X00|31|1~NM1|QC|1|CONNELL|WILLIAM|B|||MI|ELE847513661~NM1|74|1||||||C|FNA847513661~NM1|82|1|MARCO|DALE|A|||XX|1952303547~REF|1L|0000795870008~REF|CE|MEDICARE CROSSOVER CLAIM~DTM|232|20140912~DTM|233|20140912~DTM|050|20150424~AMT|AU|77.89~SVC|HC^99309|104|15.58||1~DTM|472|20140912~CAS|OA|23|88.42~REF|6R|1417838078Z1~AMT|B6|77.89~LX|2~CLP|63-690|2|104|15.58||12|02015114579C3160X00|31|1~NM1|QC|1|CONNELL|WILLIAM|B|||MI|ELE847513661~NM1|74|1||||||C|FNA847513661~NM1|82|1|MARCO|DALE|A|||XX|1952303547~REF|1L|0000795870008~REF|CE|MEDICARE CROSSOVER CLAIM~DTM|232|20140918~DTM|233|20140918~DTM|050|20150424~AMT|AU|77.89~SVC|HC^99309|104|15.58||1~DTM|472|20140918~CAS|OA|23|88.42~REF|6R|1417838088Z1~AMT|B6|77.89~SE|46|0002~GE|2|836~IEA|1|000000841~