ISA|00|          |00|          |ZZ|ZIRMED         |29|E12705         |150811|0353|U|00401|000001221|0|P|^~GS|HP|ZIRMED|E12705|20150811|0353|1216|X|004010X091A1~ST|835|0001~BPR|I|73.94|C|ACH|CCP|01|081517693|DA|152302017594|1205296137||01|111000025|DA|488038453432|20150811~TRN|1|890743616|1205296137~REF|EV|E12705~DTM|405|20150810~N1|PR|NOVITAS SOLUTIONS, INC.~N3|PO BOX 3110~N4|MECHANICSBURG|PA|170551826~REF|2U|04412~PER|CX||TE|8552528782~N1|PE|DFW GERIATRICS PLLC|XX|1063835361~N3|2925 SKYWAY CIRCLE NORTH~N4|IRVING|TX|750383510~REF|TJ|464596718~LX|1~CLP|3165-3523|19|61|40.42|10.31|MB|2815209087390|11|1~NM1|QC|1|GARNER|BOBBY||||HN|435769496A~NM1|82|1||||||XX|1962447805~NM1|TT|2|HCSC-BCBS OF TEXAS-STD A & B|||||PI|30028~MOA|||MA01|MA18~DTM|050|20150728~SVC|HC^G0180|61|40.42||1~DTM|472|20150429~CAS|CO|45|9.44||253|.83~CAS|PR|2|10.31~REF|6R|1510715278Z1~REF|LU|11~AMT|B6|51.56~CLP|227-2563|19|51|33.52|8.55|MB|2815209087420|32|1~NM1|QC|1|WILLIE|WILSON|S|||HN|452926535A~NM1|82|1||||||XX|1962447805~NM1|TT|2|TX HEALTH & HUMAN SERVICES COMMI|||||PI|70051~MOA|||MA01|MA27|MA07~DTM|050|20150728~SVC|HC^99307|51|33.52||1~DTM|472|20150108~CAS|CO|45|8.25||253|.68~CAS|PR|2|8.55~REF|6R|1510715281Z1~REF|LU|32~AMT|B6|42.75~SE|42|0001~GE|1|1216~IEA|1|000001221~