ISA|00|          |00|          |ZZ|ZIRMED         |ZZ|PAYER          |151222|1651|U|00401|000001621|0|P|^~GS|HP|ZIRMED|PROVIDERHIS|20151222|1651|1616|X|004010X091A1~ST|835|0001~BPR|I|418.72|C|ACH|CCP|01|061000104|DA|1000187147243|1742770542||01|111000025|DA|488038453432|20151222~TRN|1|0901690972|1742770542~REF|EV|999999999999999~DTM|405|20151222~N1|PR|SUPERIOR HEALTH PLAN~N3|6070 GATEWAY EAST|SUITE 400~N4|EL PASO|TX|79905~PER|CX||TE|8002252573~N1|PE|DFW GERIATRICS PLLC|XX|1063835361~N3|2925 SKWY CIR N~N4|IRVING|TX|75038~REF|TJ|464596718~LX|1~CLP|5351-4638|1|134|2.65||HM|O352TXE37992|01|E~NM1|QC|1|BAKER|DONNA||||MR|529011806~NM1|IL|1|BAKER|DONNA||||MI|00185654101~NM1|82|1|KETHA|SUMANA||||XX|1962447805~REF|EA|000000056800~REF|G2|168813~SVC|HC^99214^25|130|0||1~DTM|472|20151201~CAS|CO|5|130~REF|6R|1638198918Z1~REF|HPI|1962447805~AMT|B6|51.4~LQ|HE|M77~SVC|HC^94760|4|2.65||1~DTM|472|20151201~CAS|CO|45|1.35~REF|6R|1638198918Z2~REF|HPI|1962447805~AMT|B6|2.65~LX|2~CLP|6144-4849|1|134|51.4||HM|O352TXE37996|11|E~NM1|QC|1|CALLOWAY|PHYLLIS||||MR|526961330~NM1|IL|1|CALLOWAY|PHYLLIS||||MI|00185480201~NM1|82|1|KETHA|SUMANA||||XX|1962447805~REF|EA|000000056801~REF|G2|168813~SVC|HC^99214^25|130|51.4||1~DTM|472|20151208~CAS|CO|45|78.6~REF|6R|1638198937Z1~REF|HPI|1962447805~AMT|B6|51.4~SVC|HC^94760|4|0||1~DTM|472|20151208~CAS|CO|97|4~REF|6R|1638198937Z2~REF|HPI|1962447805~AMT|B6|2.65~LQ|HE|N525~LX|3~CLP|6046-5016|1|134|51.4||HM|O352TXE37973|11|E~NM1|QC|1|CHAVEZ|CATHERINE||||MR|506194931~NM1|IL|1|CHAVEZ|CATHERINE||||MI|00251050401~NM1|82|1|KETHA|SUMANA||||XX|1962447805~REF|EA|000000056802~REF|G2|168813~SVC|HC^99214^25|130|51.4||1~DTM|472|20151214~CAS|CO|45|78.6~REF|6R|1638198957Z1~REF|HPI|1962447805~AMT|B6|51.4~SVC|HC^94760|4|0||1~DTM|472|20151214~CAS|CO|97|4~REF|6R|1638198957Z2~REF|HPI|1962447805~AMT|B6|2.65~LQ|HE|N525~LX|4~CLP|6048-4526|1|386|210.47||HM|O352TXE37967|11|E~NM1|QC|1|MARTIN|GERTRUDE||||MR|504273668~NM1|IL|1|MARTIN|GERTRUDE||||MI|00187200401~NM1|82|1|KETHA|SUMANA||||XX|1962447805~REF|EA|000000056803~REF|G2|168813~SVC|HC^99214^25|130|51.4||1~DTM|472|20151124~CAS|CO|45|78.6~REF|6R|1638198293Z1~REF|HPI|1962447805~AMT|B6|51.4~SVC|HC^94760|4|0||1~DTM|472|20151124~CAS|CO|97|4~REF|6R|1638198293Z2~REF|HPI|1962447805~AMT|B6|2.65~LQ|HE|N525~SVC|HC^95923|252|159.07||1~DTM|472|20151124~CAS|CO|45|92.93~REF|6R|1638198293Z3~REF|HPI|1962447805~AMT|B6|159.07~LX|5~CLP|1504-4318|1|130|51.4||HM|O352TXE37902|11|E~NM1|QC|1|VAN|NICHOLAS||||MR|503002967~NM1|IL|1|VAN|NICHOLAS||||MI|00184103401~NM1|82|1|KETHA|SUMANA||||XX|1962447805~REF|EA|000000056804~REF|G2|168813~SVC|HC^99214|130|51.4||1~DTM|472|20151113~CAS|CO|45|78.6~REF|6R|1638198287Z1~REF|HPI|1962447805~AMT|B6|51.4~LX|6~CLP|1504-5008|1|152|51.4||HM|O352TXE37909|11|E~NM1|QC|1|VAN|NICHOLAS||||MR|503002967~NM1|IL|1|VAN|NICHOLAS||||MI|00184103401~NM1|82|1|KETHA|SUMANA||||XX|1962447805~REF|EA|000000056805~REF|G2|168813~SVC|HC^99214^25|130|51.4||1~DTM|472|20151214~CAS|CO|45|78.6~REF|6R|1638198959Z1~REF|HPI|1962447805~AMT|B6|51.4~SVC|HC^99406|18|0||1~DTM|472|20151214~CAS|CO|A1|18~REF|6R|1638198959Z2~REF|HPI|1962447805~AMT|B6|12.06~LQ|HE|N216~SVC|HC^94760|4|0||1~DTM|472|20151214~CAS|CO|97|4~REF|6R|1638198959Z3~REF|HPI|1962447805~AMT|B6|2.65~LQ|HE|N525~SE|140|0001~GE|1|1616~IEA|1|000001621~