ISA|00|          |00|          |ZZ|ZIRMED         |29|E12705         |151223|0556|U|00401|000000994|0|P|^~GS|HP|ZIRMED|E12705|20151223|0556|994|X|004010X091A1~ST|835|0001~BPR|I|47.19|C|ACH|CCP|01|081517693|DA|152302017594|1205296137||01|111000025|DA|004785310244|20151223~TRN|1|892030906|1205296137~REF|EV|E12705~DTM|405|20151222~N1|PR|NOVITAS SOLUTIONS, INC.~N3|PO BOX 3110~N4|MECHANICSBURG|PA|170551826~REF|2U|04412~PER|CX||TE|8552528782~N1|PE|SUMANA KETHA, MD PA|XX|1356565865~N3|2925 SKYWAY CIRCLE NORTH~N4|IRVING|TX|750383510~REF|TJ|201401614~LX|1~CLP|1595-3637|19|70|47.19|12.04|MB|2915341453930|33|1~NM1|QC|1|SMITH|IVORY||||HN|466683089A~NM1|82|1||||||XX|1962447805~NM1|TT|2|TX HEALTH & HUMAN SERVICES COMMI|||||PI|70051~MOA|||MA01|MA07~DTM|050|20151207~SVC|HC^99334^GW|70|47.19||1~DTM|472|20151029~CAS|CO|45|8.89||237|.92||253|.96~CAS|PR|2|12.04~REF|6R|1624900953Z1~REF|LU|33~AMT|B6|60.19~LQ|HE|N699~SE|30|0001~GE|1|994~IEA|1|000000994~