ISA|00|          |00|          |ZZ|ZIRMED         |ZZ|PAYER          |150905|1238|U|00401|000001306|0|P|^~GS|HP|ZIRMED|PROVIDERHIS|20150905|1238|1301|X|004010X091A1~ST|835|0001~BPR|I|114.4|C|ACH|CCP|01|071000505|DA|5800366444|1742770542||01|111000025|DA|488038453432|20150907~TRN|1|0901495774|1742770542~REF|EV|999999999999999~DTM|405|20150907~N1|PR|SUPERIOR HEALTH PLAN~N3|6070 GATEWAY EAST|SUITE 400~N4|EL PASO|TX|79905~N1|PE|DFW GERIATRICS PLLC|XX|1063835361~N3|2925 SKWY CIR N~N4|IRVING|TX|75038~REF|TJ|464596718~LX|1~CLP|384-3675|2|130|114.4||HM|O246TXE04881|11|E~NM1|QC|1|DRAKEJR|THOMAS||||MR|626357713~NM1|IL|1|DRAKEJR|THOMAS||||MI|00325808501~NM1|82|1|KETHA|SUMANA||||XX|1962447805~REF|EA|000000001214~REF|G2|168813~SVC|HC^99214|130|114.4||1~DTM|472|20150825~CAS|CO|45|15.6~REF|6R|1538315669Z1~REF|HPI|1962447805~AMT|B6|114.4~LQ|HE|N420~SE|27|0001~GE|1|1301~IEA|1|000001306~