ISA|00|          |00|          |ZZ|ZIRMED         |29|E12705         |150923|0515|U|00401|000001388|0|P|^~GS|HP|ZIRMED|E12705|20150923|0515|1383|X|004010X091A1~ST|835|0001~BPR|I|920.32|C|ACH|CCP|01|081517693|DA|152302017594|1205296137||01|111000025|DA|488038453432|20150923~TRN|1|891047784|1205296137~REF|EV|E12705~DTM|405|20150922~N1|PR|NOVITAS SOLUTIONS, INC.~N3|PO BOX 3110~N4|MECHANICSBURG|PA|170551826~REF|2U|04412~PER|CX||TE|8552528782~N1|PE|DFW GERIATRICS PLLC|XX|1063835361~N3|2925 SKYWAY CIRCLE NORTH~N4|IRVING|TX|750383510~REF|TJ|464596718~LX|1~CLP|377-3766|19|130|81.14|20.7|MB|2815252152720|11|1~NM1|QC|1|BROOKS|WALTER||||HN|433150139A~NM1|82|1||||||XX|1962447805~NM1|TT|2|TX HEALTH & HUMAN SERVICES COMMI|||||PI|70051~MOA|||MA01|MA15|MA07~DTM|050|20150909~SVC|HC^99214^25|130|81.14||1~DTM|472|20150626~CAS|CO|45|26.5||253|1.66~CAS|PR|2|20.7~REF|6R|1547810365Z1~REF|LU|11~AMT|B6|103.5~CLP|304-3770|1|130|81.14|20.7|MB|2815252152730|11|1~NM1|QC|1|CEPEDA|MARGIE||||HN|429762401A~NM1|82|1||||||XX|1962447805~MOA|||MA01|MA15~DTM|050|20150909~SVC|HC^99214^25|130|81.14||1~DTM|472|20150626~CAS|CO|45|26.5||253|1.66~CAS|PR|2|20.7~REF|6R|1547810373Z1~REF|LU|11~AMT|B6|103.5~CLP|408-3776|19|130|81.14|20.7|MB|2815252152750|11|1~NM1|QC|1|JOHNSON|LINDA||||HN|467634822M~NM1|82|1||||||XX|1962447805~NM1|TT|2|TX HEALTH & HUMAN SERVICES COMMI|||||PI|70051~MOA|||MA01|MA07~DTM|050|20150909~SVC|HC^99214|130|81.14||1~DTM|472|20150626~CAS|CO|45|26.5||253|1.66~CAS|PR|2|20.7~REF|6R|1547810384Z1~REF|LU|11~AMT|B6|103.5~CLP|6047-3785|19|492|292.54|74.62|MB|2815252152700|11|1~NM1|QC|1|MARTINEZ|CAROLYN||||HN|450966097A~NM1|82|1||||||XX|1962447805~NM1|TT|2|TX HEALTH & HUMAN SERVICES COMMI|||||PI|70051~MOA|||MA01|MA15|MA07~DTM|050|20150909~SVC|HC^99214|130|81.14||1~DTM|472|20150609~CAS|CO|45|26.5||253|1.66~CAS|PR|2|20.7~REF|6R|1547806235Z1~REF|LU|11~AMT|B6|103.5~SVC|HC^95923|252|145.06||1~DTM|472|20150609~CAS|CO|45|66.98||253|2.96~CAS|PR|2|37~REF|6R|1547806235Z3~REF|LU|11~AMT|B6|185.02~SVC|HC^95921|110|66.34||1~DTM|472|20150609~CAS|CO|45|25.39||253|1.35~CAS|PR|2|16.92~REF|6R|1547806235Z4~REF|LU|11~AMT|B6|84.61~CLP|720-3787|19|510|303.22|77.34|MB|2815252152710|11|1~NM1|QC|1|RHODES|JIMMY||||HN|458827716A~NM1|82|1||||||XX|1962447805~NM1|TT|2|UNITEDHEALTH GROUP|||||PI|30002~MOA|||MA01|MA18~DTM|050|20150909~SVC|HC^99214^25|130|81.14||1~DTM|472|20150609~CAS|CO|45|26.5||253|1.66~CAS|PR|2|20.7~REF|6R|1547806238Z1~REF|LU|11~AMT|B6|103.5~SVC|HC^95923|252|145.06||1~DTM|472|20150609~CAS|CO|45|66.98||253|2.96~CAS|PR|2|37~REF|6R|1547806238Z2~REF|LU|11~AMT|B6|185.02~SVC|HC^95921|110|66.34||1~DTM|472|20150609~CAS|CO|45|25.39||253|1.35~CAS|PR|2|16.92~REF|6R|1547806238Z3~REF|LU|11~AMT|B6|84.61~SVC|HC^99406|18|10.68||1~DTM|472|20150609~CAS|CO|45|4.38||253|.22~CAS|PR|2|2.72~REF|6R|1547806238Z4~REF|LU|11~AMT|B6|13.62~CLP|382-3775|1|130|81.14|20.7|MB|2815252152740|11|1~NM1|QC|1|TODD|LANA||||HN|449755855A~NM1|82|1||||||XX|1962447805~MOA|||MA01~DTM|050|20150909~SVC|HC^99214|130|81.14||1~DTM|472|20150626~CAS|CO|45|26.5||253|1.66~CAS|PR|2|20.7~REF|6R|1547810383Z1~REF|LU|11~AMT|B6|103.5~SE|127|0001~GE|1|1383~IEA|1|000001388~