ISA|00|          |00|          |ZZ|ZIRMED         |29|E12705         |150731|0225|U|00401|000001200|0|P|^~GS|HP|ZIRMED|E12705|20150731|0225|1195|X|004010X091A1~ST|835|0001~BPR|I|54.18|C|ACH|CCP|01|081517693|DA|152302017594|1205296137||01|111000025|DA|488038453432|20150731~TRN|1|890675537|1205296137~REF|EV|E12705~DTM|405|20150730~N1|PR|NOVITAS SOLUTIONS, INC.~N3|PO BOX 3110~N4|MECHANICSBURG|PA|170551826~REF|2U|04412~PER|CX||TE|8552528782~N1|PE|DFW GERIATRICS PLLC|XX|1063835361~N3|2925 SKYWAY CIRCLE NORTH~N4|IRVING|TX|750383510~REF|TJ|464596718~LX|1~CLP|50-1481|19|83|54.18|13.82|MB|2815189204850|21|1~NM1|QC|1|SANDERS|TONY|R|||HN|467086770A~NM1|82|1||||||XX|1962447805~NM1|TT|2|TX HEALTH & HUMAN SERVICES COMMI|||||PI|70051~MOA|||MA01|MA07~DTM|050|20150708~SVC|HC^99232|83|54.18||1~DTM|472|20141123~CAS|CO|45|13.89||253|1.11~CAS|PR|2|13.82~REF|6R|1493929040Z1~REF|LU|21~AMT|B6|69.11~SE|29|0001~GE|1|1195~IEA|1|000001200~