ISA|00|          |00|          |ZZ|ZIRMED         |ZZ|AV09311993     |150124|1325|U|00401|000000488|0|P|^~GS|HP|ZIRMED|AV01101957|20150124|1325|483|X|004010X091A1~ST|835|0001~BPR|I|29.5|C|CHK||||||||||||20150123~TRN|1|C15023333619890|1361236610|CP201501233336198900~REF|EV|TX8355010~DTM|405|20150123~N1|PR|BLUECROSS BLUESHIELD OF TEXAS~N3|P O BOX 660044~N4|DALLAS|TX|752660044~REF|2U|G84980~N1|PE|DFW GERIATRICS PLLC|XX|1063835361~N3|2925 SKYWAY CIR N~N4|IRVING|TX|750383510~REF|TJ|464596718~LX|1~CLP|63-1469|2|79|13.21||12|0201502257445B80X00|31|1~NM1|QC|1|CONNELL|WILLIAM|B|||MI|FNA847513661~NM1|82|1|KETHA|SUMANA||||XX|1962447805~REF|1L|0000795870008~REF|CE|MEDICARE CROSSOVER CLAIM~DTM|232|20141002~DTM|233|20141002~DTM|050|20150122~AMT|AU|66.07~SVC|HC^99308|79|13.21||1~DTM|472|20141002~CAS|OA|23|65.79~REF|6R|1337446068Z1~AMT|B6|66.07~LX|2~CLP|84-1278|2|109|16.29||12|0201500857940U40X00|33|1~NM1|QC|1|TIRADO|CAROLYN|L|||MI|UTS0I92DC4RW~NM1|82|1|MARCO|DALE|A|||XX|1952303547~REF|1L|0000717780042~REF|CE|MEDICARE CROSSOVER CLAIM~DTM|232|20141015~DTM|233|20141015~DTM|050|20150108~AMT|AU|81.46~SVC|HC^99335|109|16.29||1~DTM|472|20141015~CAS|OA|23|92.71~REF|6R|1327952255Z1~AMT|B6|81.46~SE|44|0001~ST|835|0002~BPR|I|107.68|C|CHK||||||||||||20150123~TRN|1|C15023117552720|1361236610|CP201501231175527200~REF|EV|TX8355010~DTM|405|20150123~N1|PR|BLUECROSS BLUESHIELD OF TEXAS~N3|P O BOX 660044~N4|DALLAS|TX|752660044~REF|2U|G84980~N1|PE|DFW GERIATRICS PLLC|XX|1063835361~N3|2925 SKYWAY CIR N~N4|IRVING|TX|750383510~REF|TJ|464596718~LX|1~CLP|139-1541|2|109|16.29||ZZ|020150205749E620X00|33|1~NM1|QC|1|BUTNER|JOANN||||MI|R02401367~NM1|IL|1|BUTNER|JOANN||||MI|R02401367~NM1|82|1|MARCO|DALE|A|||XX|1952303547~REF|1L|0000FEPTX0102~REF|CE|MEDICARE CROSSOVER CLAIM~DTM|232|20141120~DTM|233|20141120~DTM|050|20150120~AMT|AU|81.46~SVC|HC^99335|109|16.29||1~DTM|472|20141120~CAS|CO|23|27.54~CAS|OA|23|65.17~REF|6R|1335896241Z1~AMT|B6|81.46~LX|2~CLP|58-573|2|104|15.58||ZZ|02015019575N0710X00|31|1~NM1|QC|1|PASEK|VELMA|L|||MI|R50638048~NM1|82|1|MARCO|DALE|A|||XX|1952303547~REF|1L|0000FEPTX0102~REF|CE|MEDICARE CROSSOVER CLAIM~DTM|232|20140818~DTM|233|20140818~DTM|050|20150119~AMT|AU|77.89~SVC|HC^99309|104|15.58||1~DTM|472|20140818~CAS|CO|23|26.11~CAS|OA|23|62.31~REF|6R|1321924004Z1~AMT|B6|77.89~LX|3~CLP|58-697|2|79|13.21||ZZ|02015019575N1230X00|31|1~NM1|QC|1|PASEK|VELMA|L|||MI|R50638048~NM1|82|1|KETHA|SUMANA||||XX|1962447805~REF|1L|0000FEPTX0102~REF|CE|MEDICARE CROSSOVER CLAIM~DTM|232|20140902~DTM|233|20140902~DTM|050|20150119~AMT|AU|66.07~SVC|HC^99308|79|13.21||1~DTM|472|20140902~CAS|CO|23|12.93~CAS|OA|23|52.86~REF|6R|1320253847Z1~AMT|B6|66.07~LX|4~CLP|58-545|2|104|15.58||ZZ|02015019575N1240X00|31|1~NM1|QC|1|PASEK|VELMA|L|||MI|R50638048~NM1|82|1|MARCO|DALE|A|||XX|1952303547~REF|1L|0000FEPTX0102~REF|CE|MEDICARE CROSSOVER CLAIM~DTM|232|20140825~DTM|233|20140825~DTM|050|20150119~AMT|AU|77.89~SVC|HC^99309|104|15.58||1~DTM|472|20140825~CAS|CO|23|26.11~CAS|OA|23|62.31~REF|6R|1320853524Z1~AMT|B6|77.89~LX|5~CLP|58-752|2|104|17.41||ZZ|02015019575N2120X00|31|1~NM1|QC|1|PASEK|VELMA|L|||MI|R50638048~NM1|82|1|KETHA|SUMANA||||XX|1962447805~REF|1L|0000FEPTX0102~REF|CE|MEDICARE CROSSOVER CLAIM~DTM|232|20140911~DTM|233|20140911~DTM|050|20150119~AMT|AU|87.05~SVC|HC^99309|104|17.41||1~DTM|472|20140911~CAS|CO|23|16.95~CAS|OA|23|69.64~REF|6R|1320468018Z1~AMT|B6|87.05~LX|6~CLP|58-572|2|104|15.58||ZZ|02015019575N2140X00|31|1~NM1|QC|1|PASEK|VELMA|L|||MI|R50638048~NM1|82|1|MARCO|DALE|A|||XX|1952303547~REF|1L|0000FEPTX0102~REF|CE|MEDICARE CROSSOVER CLAIM~DTM|232|20140814~DTM|233|20140814~DTM|050|20150119~AMT|AU|77.89~SVC|HC^99309|104|15.58||1~DTM|472|20140814~CAS|CO|23|26.11~CAS|OA|23|62.31~REF|6R|1321924003Z1~AMT|B6|77.89~LX|7~CLP|58-932|2|84|14.03||ZZ|020150205756E160X00|31|1~NM1|QC|1|PASEK|VELMA|L|||MI|R50638048~NM1|82|1|KETHA|SUMANA||||XX|1962447805~REF|1L|0000FEPTX0102~REF|CE|MEDICARE CROSSOVER CLAIM~DTM|232|20140920~DTM|233|20140920~DTM|050|20150120~AMT|AU|70.15~SVC|HC^99315|84|14.03||1~DTM|472|20140920~CAS|CO|23|13.85~CAS|OA|23|56.12~REF|6R|1326085802Z1~AMT|B6|70.15~SE|127|0002~GE|2|483~IEA|1|000000488~