ISA|00|          |00|          |ZZ|ZIRMED         |29|E12705         |150812|0642|U|00401|000001223|0|P|^~GS|HP|ZIRMED|E12705|20150812|0642|1218|X|004010X091A1~ST|835|0001~BPR|I|9.55|C|ACH|CCP|01|081517693|DA|152302017594|1205296137||01|111000025|DA|488038453432|20150812~TRN|1|890753066|1205296137~REF|EV|E12705~DTM|405|20150811~N1|PR|NOVITAS SOLUTIONS, INC.~N3|PO BOX 3110~N4|MECHANICSBURG|PA|170551826~REF|2U|04412~PER|CX||TE|8552528782~N1|PE|DFW GERIATRICS PLLC|XX|1063835361~N3|2925 SKYWAY CIRCLE NORTH~N4|IRVING|TX|750383510~REF|TJ|464596718~LX|1~CLP|307-2997|19|148|9.55|2.44|MB|2815202675670|11|1~NM1|QC|1|NEAL|CHESTER||||HN|441625131A~NM1|82|1||||||XX|1679978068~NM1|TT|2|TX HEALTH & HUMAN SERVICES COMMI|||||PI|70051~MOA|||MA01|MA07~DTM|050|20150721~SVC|HC^99214|130|0||||1~DTM|472|20150508~CAS|CO|B15|130~REF|6R|1504924835Z1~REF|LU|11~LQ|HE|M80~SVC|HC^99406|18|9.55||1~DTM|472|20150508~CAS|CO|45|5.81||253|.2~CAS|PR|2|2.44~REF|6R|1504924835Z2~REF|LU|11~AMT|B6|12.19~SE|35|0001~GE|1|1218~IEA|1|000001223~