ISA|00|          |00|          |ZZ|ZIRMED         |29|E12705         |150320|0207|U|00401|000000716|0|P|^~GS|HP|ZIRMED|E12705|20150320|0207|711|X|004010X091A1~ST|835|0001~BPR|H|0|C|NON||||||||||||20150320~TRN|1|458923142|1205296137~REF|EV|E12705~DTM|405|20150319~N1|PR|NOVITAS SOLUTIONS, INC.~N3|PO BOX 3110~N4|MECHANICSBURG|PA|170551826~REF|2U|04412~PER|CX||TE|8552528782~N1|PE|DFW GERIATRICS PLLC|XX|1063835361~N3|2925 SKYWAY CIRCLE NORTH~N4|IRVING|TX|750383510~REF|TJ|464596718~LX|1~CLP|129-2497|1|51|0||MB|2815062536490|32|1~NM1|QC|1|GARN|JAMES|F|||HN|467240006A~NM1|82|1||||||XX|1962447805~MOA|||MA01~DTM|050|20150303~SVC|HC^99307|51|0||||1~DTM|472|20150212~CAS|CO|B9|51~REF|LU|32~REF|6R|1387328941Z1~LQ|HE|N90~CLP|129-2533|1|51|0||MB|2815063621440|32|1~NM1|QC|1|GARN|JAMES|F|||HN|467240006A~NM1|82|1||||||XX|1962447805~MOA|||MA01~DTM|050|20150304~SVC|HC^99307|51|0||||1~DTM|472|20150205~CAS|CO|B9|51~REF|LU|32~REF|6R|1388417733Z1~LQ|HE|N90~SE|38|0001~ST|835|0002~BPR|I|228.86|C|ACH|CCP|01|081517693|DA|152302017594|1205296137||01|111000025|DA|488038453432|20150320~TRN|1|889815504|1205296137~REF|EV|E12705~DTM|405|20150319~N1|PR|NOVITAS SOLUTIONS, INC.~N3|PO BOX 3110~N4|MECHANICSBURG|PA|170551826~REF|2U|04412~PER|CX||TE|8552528782~N1|PE|DFW GERIATRICS PLLC|XX|1063835361~N3|2925 SKYWAY CIRCLE NORTH~N4|IRVING|TX|750383510~REF|TJ|464596718~LX|1~CLP|224-595|19|104|68.25|17.41|MB|2815065194860|31|1~NM1|QC|1|LEWIS|EDWARD||||HN|460723561A~NM1|82|1||||||XX|1962447805~NM1|TT|2|TX HEALTH & HUMAN SERVICES COMMI|||||PI|70051~MOA|||MA01|MA07~DTM|050|20150306~SVC|HC^99309|104|68.25||1~DTM|472|20140724~CAS|CO|45|16.95||253|1.39~CAS|PR|2|17.41~REF|LU|31~REF|6R|1390204404Z1~AMT|B6|87.05~CLP|224-596|1|104|61.06|15.58|MB|2815065194870|31|1~NM1|QC|1|LEWIS|EDWARD||||HN|460723561A~NM1|82|1||||||XX|1952303547~MOA|||MA01~DTM|050|20150306~SVC|HC^99309|104|61.06||1~DTM|472|20140716~CAS|CO|45|26.11||253|1.25~CAS|PR|2|15.58~REF|LU|31~REF|6R|1390204405Z1~AMT|B6|77.89~CLP|224-812|19|152|99.55|25.39|MB|2815065194880|31|1~NM1|QC|1|LEWIS|EDWARD||||HN|460723561A~NM1|82|1||||||XX|1962447805~NM1|TT|2|TX HEALTH & HUMAN SERVICES COMMI|||||PI|70051~MOA|||MA01|MA07~DTM|050|20150306~SVC|HC^99305|152|99.55||1~DTM|472|20140725~CAS|CO|45|25.03||253|2.03~CAS|PR|2|25.39~REF|LU|31~REF|6R|1390204406Z1~AMT|B6|126.97~SE|54|0002~GE|2|711~IEA|1|000000716~