ISA|00|          |00|          |ZZ|ZIRMED         |29|E12705         |150930|0558|U|00401|000001412|0|P|^~GS|HP|ZIRMED|E12705|20150930|0558|1407|X|004010X091A1~ST|835|0001~BPR|H|0|C|NON||||||||||||20150930~TRN|1|459808793|1205296137~REF|EV|E12705~DTM|405|20150929~N1|PR|NOVITAS SOLUTIONS, INC.~N3|PO BOX 3110~N4|MECHANICSBURG|PA|170551826~REF|2U|04412~PER|CX||TE|8552528782~N1|PE|DFW GERIATRICS PLLC|XX|1063835361~N3|2925 SKYWAY CIRCLE NORTH~N4|IRVING|TX|750383510~REF|TJ|464596718~LX|1~CLP|6038-3457|1|149|0||MB|2815267199740|11|1~NM1|QC|1|BUTNER|JOANN||||HN|457565807A~NM1|82|1||||||XX|1679978068~MOA|||MA01~DTM|050|20150924~SVC|HC^99205|149|0||||1~DTM|472|20150422~CAS|CO|B16|149~REF|6R|1561561903Z1~REF|LU|11~LQ|HE|M13~CLP|3165-3484|1|124|0||MB|2815267199670|11|1~NM1|QC|1|GARNER|BOBBY||||HN|435769496A~NM1|82|1||||||XX|1962447805~MOA|||MA01~DTM|050|20150924~SVC|HC^G0181|124|0||||1~DTM|472|20150630~CAS|CO|B5|124~REF|6R|1561554904Z1~REF|LU|11~CLP|3165-3525|1|124|0||MB|2815267199690|11|1~NM1|QC|1|GARNER|BOBBY||||HN|435769496A~NM1|82|1||||||XX|1962447805~MOA|||MA01~DTM|050|20150924~SVC|HC^G0181|124|0||||1~DTM|472|20150531~CAS|CO|B5|124~REF|6R|1561554907Z1~REF|LU|11~CLP|3165-3524|1|124|0||MB|2815267199720|11|1~NM1|QC|1|GARNER|BOBBY||||HN|435769496A~NM1|82|1||||||XX|1962447805~MOA|||MA01~DTM|050|20150924~SVC|HC^G0181|124|0||||1~DTM|472|20150430~CAS|CO|B5|124~REF|6R|1561554908Z1~REF|LU|11~CLP|368-3629|1|106|0||MB|2815267199760|11|1~NM1|QC|1|GRAY|LESLIE||||HN|467083719A~NM1|82|1||||||XX|1962447805~MOA|||MA01~DTM|050|20150924~SVC|HC^99213|88|0||||1~DTM|472|20150817~CAS|CO|B15|88~REF|6R|1561561915Z1~REF|LU|11~LQ|HE|M80~SVC|HC^99406|18|0||||1~DTM|472|20150817~CAS|OA|18|18~REF|6R|1561561915Z2~REF|LU|11~LQ|HE|N522~CLP|422-3800|1|840.52|0||MB|2815267199580|11|1~NM1|QC|1|WILSON|VIVIAN||||HN|463196861A~NM1|82|1||||||XX|1962447805~MOA|||MA01~DTM|050|20150924~SVC|HC^96120|46.18|0||||1~DTM|472|20150622~CAS|CO|50|46.18~REF|6R|1561543615Z1~REF|LU|11~LQ|HE|M25~LQ|HE|N115~SVC|HC^95957|305.27|0||||1~DTM|472|20150622~CAS|OA|18|305.27~REF|6R|1561543615Z2~REF|LU|11~LQ|HE|N522~SVC|HC^95816|346.27|0||||1~DTM|472|20150622~CAS|OA|18|346.27~REF|6R|1561543615Z3~REF|LU|11~LQ|HE|N522~SVC|HC^92585|130.57|0||||1~DTM|472|20150622~CAS|OA|18|130.57~REF|6R|1561543615Z4~REF|LU|11~LQ|HE|N522~SVC|HC^99090|0|0||||1~DTM|472|20150622~REF|6R|1561543615Z5~REF|LU|11~LQ|HE|M80~SVC|HC^93040|12.23|0||||1~DTM|472|20150622~CAS|OA|18|12.23~REF|6R|1561543615Z6~REF|LU|11~LQ|HE|N522~SE|115|0001~ST|835|0002~BPR|I|753.52|C|ACH|CCP|01|081517693|DA|152302017594|1205296137||01|111000025|DA|488038453432|20150930~TRN|1|891120725|1205296137~REF|EV|E12705~DTM|405|20150929~N1|PR|NOVITAS SOLUTIONS, INC.~N3|PO BOX 3110~N4|MECHANICSBURG|PA|170551826~REF|2U|04412~PER|CX||TE|8552528782~N1|PE|DFW GERIATRICS PLLC|XX|1063835361~N3|2925 SKYWAY CIRCLE NORTH~N4|IRVING|TX|750383510~REF|TJ|464596718~LX|1~CLP|420-3862|19|130|81.56|20.8|MB|2815259790300|11|1~NM1|QC|1|AGANON|ASTERIO||||HN|630768999A~NM1|82|1||||||XX|1962447805~NM1|TT|2|ASSURED LIFE ASSOCIATION|||||PI|30281~MOA|||MA01|MA18~DTM|050|20150916~SVC|HC^99214|130|81.56||1~DTM|472|20150915~CAS|CO|45|25.98||253|1.66~CAS|PR|2|20.8~REF|6R|1554584658Z1~REF|LU|11~AMT|B6|104.02~CLP|342-3848|19|130|72.97|18.61|MB|2815259790230|11|1~NM1|QC|1|ALLEN|THOMAS||||HN|453825428A~NM1|82|1||||||XX|1679978068~NM1|TT|2|TX HEALTH & HUMAN SERVICES COMMI|||||PI|70051~MOA|||MA01|MA07~DTM|050|20150916~SVC|HC^99214|130|72.97||1~DTM|472|20150908~CAS|CO|45|36.93||253|1.49~CAS|PR|2|18.61~REF|6R|1554572322Z1~REF|LU|11~AMT|B6|93.07~CLP|377-3860|19|213|144.45|25.68|MB|2815259790290|11|1~NM1|QC|1|BROOKS|WALTER||||HN|433150139A~NM1|82|1||||||XX|1962447805~NM1|TT|2|TX HEALTH & HUMAN SERVICES COMMI|||||PI|70051~MOA|||MA01|MA15|MA07~DTM|050|20150916~SVC|HC^99214^25|130|81.56||1~DTM|472|20150914~CAS|CO|45|25.98||253|1.66~CAS|PR|2|20.8~REF|6R|1554584654Z1~REF|LU|11~AMT|B6|104.02~SVC|HC^90654|23|18.54||1~DTM|472|20150914~CAS|CO|45|4.08||253|.38~REF|6R|1554584654Z3~REF|LU|11~AMT|B6|18.92~SVC|HC^G0008|31|25.2||1~DTM|472|20150914~CAS|CO|45|5.29||253|.51~REF|6R|1554584654Z4~REF|LU|11~AMT|B6|25.71~SVC|HC^96372|29|19.15||1~DTM|472|20150914~CAS|CO|45|4.58||253|.39~CAS|PR|2|4.88~REF|6R|1554584654Z5~REF|LU|11~AMT|B6|24.42~CLP|313-3828|19|184|125.3|20.8|MB|2815259790260|11|1~NM1|QC|1|FRICK|TERRY||||HN|467375415A~NM1|82|1||||||XX|1962447805~NM1|TT|2|ARKANSAS MEDICAID PROGRAM|||||PI|70017~MOA|||MA01|MA07~DTM|050|20150916~SVC|HC^99214|130|81.56||1~DTM|472|20150911~CAS|CO|45|25.98||253|1.66~CAS|PR|2|20.8~REF|6R|1554584644Z1~REF|LU|11~AMT|B6|104.02~SVC|HC^90654|23|18.54||1~DTM|472|20150911~CAS|CO|45|4.08||253|.38~REF|6R|1554584644Z2~REF|LU|11~AMT|B6|18.92~SVC|HC^G0008|31|25.2||1~DTM|472|20150911~CAS|CO|45|5.29||253|.51~REF|6R|1554584644Z3~REF|LU|11~AMT|B6|25.71~CLP|380-3853|19|130|72.97|18.61|MB|2815259790240|11|1~NM1|QC|1|HAYNES|WILLIAM||||HN|455726510TA~NM1|82|1||||||XX|1679978068~NM1|TT|2|TX HEALTH & HUMAN SERVICES COMMI|||||PI|70051~MOA|||MA01|MA07~DTM|050|20150916~SVC|HC^99214|130|72.97||1~DTM|472|20150908~CAS|CO|45|36.93||253|1.49~CAS|PR|2|18.61~REF|6R|1554572339Z1~REF|LU|11~AMT|B6|93.07~CLP|349-3856|1|178|120.58|20.8|MB|2815259790280|11|1~NM1|QC|1|NEAL|MENFORD||||HN|458524052A~NM1|82|1||||||XX|1962447805~MOA|||MA01|MA15~DTM|050|20150916~SVC|HC^99214^25|130|81.56||1~DTM|472|20150914~CAS|CO|45|25.98||253|1.66~CAS|PR|2|20.8~REF|6R|1554584650Z1~REF|LU|11~AMT|B6|104.02~SVC|HC^90656|17|13.82||1~DTM|472|20150914~CAS|CO|45|2.9||253|.28~REF|6R|1554584650Z3~REF|LU|11~AMT|B6|14.1~SVC|HC^G0008|31|25.2||1~DTM|472|20150914~CAS|CO|45|5.29||253|.51~REF|6R|1554584650Z4~REF|LU|11~AMT|B6|25.71~CLP|314-3854|1|24|15.11|3.85|MB|2815259790250|11|1~NM1|QC|1|PALMER|LARRY||||HN|382562993A~NM1|82|1||||||XX|1962447805~MOA|||MA01~DTM|050|20150916~SVC|HC^99211|24|15.11||1~DTM|472|20150908~CAS|CO|45|4.73||253|.31~CAS|PR|2|3.85~REF|6R|1554572341Z1~REF|LU|11~AMT|B6|19.27~CLP|314-3855|1|76|39.02||MB|2815259790270|11|1~NM1|QC|1|PALMER|LARRY||||HN|382562993A~NM1|82|1||||||XX|1962447805~MOA|||MA01~DTM|050|20150916~SVC|HC^99211^25|24|0||||1~DTM|472|20150914~CAS|CO|B15|24~REF|6R|1554584649Z1~REF|LU|11~LQ|HE|M80~SVC|HC^94760|4|0||||1~DTM|472|20150914~CAS|CO|97|4~REF|6R|1554584649Z2~REF|LU|11~LQ|HE|M80~SVC|HC^90656|17|13.82||1~DTM|472|20150914~CAS|CO|45|2.9||253|.28~REF|6R|1554584649Z3~REF|LU|11~AMT|B6|14.1~SVC|HC^G0008|31|25.2||1~DTM|472|20150914~CAS|CO|45|5.29||253|.51~REF|6R|1554584649Z4~REF|LU|11~AMT|B6|25.71~CLP|317-3790|19|130|81.56|20.8|MB|2815259790220|11|1~NM1|QC|1|TWILLEY|EDWARD||||HN|458213375A~NM1|82|1||||||XX|1962447805~NM1|TT|2|TX HEALTH & HUMAN SERVICES COMMI|||||PI|70051~MOA|||MA01|MA07~DTM|050|20150916~SVC|HC^99214|130|81.56||1~DTM|472|20150903~CAS|CO|45|25.98||253|1.66~CAS|PR|2|20.8~REF|6R|1554572315Z1~REF|LU|11~AMT|B6|104.02~SE|190|0002~GE|2|1407~IEA|1|000001412~