ISA|00|          |00|          |ZZ|ZIRMED         |ZZ|AV09311993     |150715|1336|U|00401|000001146|0|P|^~GS|HP|ZIRMED|AV01101957|20150715|1336|1141|X|004010X091A1~ST|835|0001~BPR|I|20.62|C|CHK||||||||||||20150714~TRN|1|C15195119265010|1361236610|CP201507141192650100~REF|EV|TX8355010~DTM|405|20150714~N1|PR|BLUECROSS BLUESHIELD OF TEXAS~N3|P O BOX 660044~N4|DALLAS|TX|752660044~REF|2U|G84980~N1|PE|DFW GERIATRICS PLLC|XX|1063835361~N3|2925 SKYWAY CIR N~N4|IRVING|TX|750383510~REF|TJ|464596718~LX|1~CLP|6052-3032|2|130|20.62||15|02015189576288A0X00|11|1~NM1|QC|1|BUTNER|JOANN||||MI|R02401367~NM1|IL|1|BUTNER|JOANN||||MI|R02401367~NM1|82|1|KETHA|SUMANA||||XX|1962447805~REF|1L|0000FEPTX0102~REF|CE|MEDICARE CROSSOVER CLAIM~DTM|232|20141229~DTM|233|20141229~DTM|050|20150708~AMT|AU|103.1~SVC|HC^99214|130|20.62||1~DTM|472|20141229~CAS|OA|23|82.48~REF|6R|1479741582Z1~AMT|B6|103.1~SE|30|0001~ST|835|0002~BPR|I|44.44|C|CHK||||||||||||20150714~TRN|1|C15195338286400|1361236610|CP201507143382864000~REF|EV|TX8355010~DTM|405|20150714~N1|PR|BLUECROSS BLUESHIELD OF TEXAS~N3|P O BOX 660044~N4|DALLAS|TX|752660044~REF|2U|G84980~N1|PE|DFW GERIATRICS PLLC|XX|1063835361~N3|2925 SKYWAY CIR N~N4|IRVING|TX|750383510~REF|TJ|464596718~LX|1~CLP|3165-3051|2|267|44.44||15|0201519157C14960X00|11|1~NM1|QC|1|GARNER|BOBBY|J|||MI|ZGM860805206~NM1|82|1|KETHA|SUMANA||||XX|1962447805~REF|1L|0000TX2140000~REF|CE|MEDICARE CROSSOVER CLAIM~DTM|232|20150428~DTM|233|20150428~DTM|050|20150710~AMT|AU|222.18~SVC|HC^99496|267|44.44||1~DTM|472|20150428~CAS|OA|23|222.56~REF|6R|1482407960Z1~AMT|B6|222.18~SE|29|0002~GE|2|1141~IEA|1|000001146~