ISA|00|          |00|          |ZZ|ZIRMED         |ZZ|GATE0084       |150630|0034|U|00401|000001102|1|P|^~GS|HP|ZIRMED|GATE0084|20150630|0034|1097|X|004010X091A1~ST|835|0001~BPR|H|0|C|NON||||||||||||20150626~TRN|1|QK03089074|1411289245|000087726~DTM|405|20150626~N1|PR|UNITED HEALTHCARE INSURANCE COMPANY|XV|87726~N3|P O BOX 740800~N4|ATLANTA|GA|303740800~REF|2U|87726~PER|CX|SPRINGFIELD SERVICE CENTER|TE|8778423210~N1|PE|SUMANA KETHA|XX|1063835361~N3|2925 SKYWAY CIR N~N4|IRVING|TX|750380000~REF|TJ|464596718~LX|1~TS3|1063835361|11|20151231|2|221~CLP|6043-3017|1|29|0|25.43|13|5100294920 0015076603|11|1~NM1|QC|1|SINGH|AMIT KUMAR~NM1|IL|1|SINGH|AMIT KUMAR||||MI|931891256~NM1|82|1|KETHA|SUMANA||||XX|1962447805~REF|1L|902866~REF|CE|CHOYC+~DTM|050|20150618~DTM|232|20150522~AMT|AU|29~SVC|HC^99211^25|24|0||1~DTM|472|20150522~CAS|CO|45|1.89~CAS|PR|1|22.11~REF|6R|1477824167Z1~AMT|B6|22.11~SVC|HC^J3420|5|0||1~DTM|472|20150522~CAS|CO|45|1.68~CAS|PR|1|3.32~REF|6R|1477824167Z2~AMT|B6|3.32~CLP|2484-3030|1|192|0|192|13|5106963576 0199081266|11|1~NM1|QC|1|RAJPUT|ABHISHEK~NM1|IL|1|RAJPUT|ABHISHEK||||MI|933322040~NM1|74|1||SANGEETA|R~NM1|82|1|KETHA|SUMANA||||XX|1962447805~REF|1L|8P0018~REF|CE|CHOYC+~DTM|036|20131231~DTM|050|20150624~DTM|232|20141229~SVC|HC^99214^25|130|0||1~DTM|472|20141229~CAS|PR|27|130~REF|6R|1482407275Z1~SVC|HC^96372|29|0||1~DTM|472|20141229~CAS|PR|27|29~REF|6R|1482407275Z2~SVC|HC^90471|33|0||1~DTM|472|20141229~CAS|PR|27|33~REF|6R|1482407275Z3~SE|59|0001~GE|1|1097~IEA|1|000001102~