ISA|00|          |00|          |ZZ|ZIRMED         |29|E12705         |151114|0748|U|00401|000001557|0|P|^~GS|HP|ZIRMED|E12705|20151114|0748|1552|X|004010X091A1~ST|835|0001~BPR|I|139.51|C|ACH|CCP|01|081517693|DA|152302017594|1205296137||01|111000025|DA|488038453432|20151116~TRN|1|891651425|1205296137~REF|EV|E12705~DTM|405|20151113~N1|PR|NOVITAS SOLUTIONS, INC.~N3|PO BOX 3110~N4|MECHANICSBURG|PA|170551826~REF|2U|04412~PER|CX||TE|8552528782~N1|PE|DFW GERIATRICS PLLC|XX|1063835361~N3|2925 SKYWAY CIRCLE NORTH~N4|IRVING|TX|750383510~REF|TJ|464596718~LX|1~CLP|368-4076|1|207|139.51|25.68|MB|3215306269330|11|1~NM1|QC|1|GRAY|LESLIE||||HN|467083719A~NM1|82|1||||||XX|1962447805~MOA|||MA01|MA15~DTM|050|20151102~SVC|HC^99214^25|130|81.56||1~DTM|472|20151016~CAS|CO|45|25.98||253|1.66~CAS|PR|2|20.8~REF|6R|1594016786Z1~REF|LU|11~AMT|B6|104.02~SVC|HC^G0008|31|25.2||1~DTM|472|20151016~CAS|CO|45|5.29||253|.51~REF|6R|1594016786Z2~REF|LU|11~AMT|B6|25.71~SVC|HC^90656|17|13.6||1~DTM|472|20151016~CAS|CO|45|3.12||253|.28~REF|6R|1594016786Z3~REF|LU|11~AMT|B6|13.88~SVC|HC^96372|29|19.15||1~DTM|472|20151016~CAS|CO|45|4.58||253|.39~CAS|PR|2|4.88~REF|6R|1594016786Z4~REF|LU|11~AMT|B6|24.42~SE|47|0001~GE|1|1552~IEA|1|000001557~