ISA|00|          |00|          |ZZ|ZIRMED         |29|E12705         |150115|0741|U|00401|000000462|0|P|^~GS|HP|ZIRMED|E12705|20150115|0741|457|X|004010X091A1~ST|835|0001~BPR|H|0|C|NON||||||||||||20150115~TRN|1|458535901|1205296137~REF|EV|E12705~DTM|405|20150114~N1|PR|NOVITAS SOLUTIONS, INC.~N3|PO BOX 3110~N4|MECHANICSBURG|PA|170551826~REF|2U|04412~PER|CX||TE|8552528782~N1|PE|DFW GERIATRICS PLLC|XX|1063835361~N3|2925 SKYWAY CIRCLE NORTH~N4|IRVING|TX|750383510~REF|TJ|464596718~LX|1~CLP|323-1678|4|104|0||MB|2815013175850|32|1~NM1|QC|1|RUFUS|CHATMAN||||HN|455860013A~NM1|82|1||||||XX|1962447805~MOA|||MA130|MA61~DTM|050|20150113~SVC|HC^99309|104|0||||1~DTM|472|20141205~CAS|CO|140|104~REF|LU|32~REF|6R|1344075136Z1~LQ|HE|MA130~LQ|HE|MA61~CLP|120-93|1|79|0||MB|2815013815010|31|1~NM1|QC|1|CROWDER|EVA||||HN|460445627A~NM1|82|1||||||XX|1962447805~MOA|||MA01~DTM|050|20150113~SVC|HC^99308|79|0||||1~DTM|472|20140703~CAS|OA|18|79~REF|LU|31~REF|6R|1344411238Z1~LQ|HE|N522~CLP|339-1811|4|234|0||MB|2815013814870|21|1~NM1|QC|1|PATRICIA|CRUAZMART||||HN|454367056C2~NM1|82|1||||||XX|1962447805~MOA|||MA130|MA61~DTM|050|20150113~SVC|HC^99223|234|0||||1~DTM|472|20140816~CAS|CO|140|234~REF|LU|21~REF|6R|1344340173Z1~LQ|HE|MA130~LQ|HE|MA61~CLP|339-1812|4|120|0||MB|2815013814880|21|1~NM1|QC|1|PATRICIA|CRUAZMART||||HN|454367056C2~NM1|82|1||||||XX|1962447805~MOA|||MA130|MA61~DTM|050|20150113~SVC|HC^99233|120|0||||1~DTM|472|20140817~CAS|CO|140|120~REF|LU|21~REF|6R|1344340174Z1~LQ|HE|MA130~LQ|HE|MA61~CLP|339-1813|4|120|0||MB|2815013815000|21|1~NM1|QC|1|PATRICIA|CRUAZMART||||HN|454367056C2~NM1|82|1||||||XX|1962447805~MOA|||MA130|MA61~DTM|050|20150113~SVC|HC^99233|120|0||||1~DTM|472|20140818~CAS|CO|140|120~REF|LU|21~REF|6R|1344381773Z1~LQ|HE|MA130~LQ|HE|MA61~CLP|108-1271|1|79|0||MB|2815013814760|31|1~NM1|QC|1|EGBUNIWE|GEORGE|I|||HN|456154959A~NM1|82|1||||||XX|1962447805~MOA|||MA01~DTM|050|20150113~SVC|HC^99308|79|0||||1~DTM|472|20140805~CAS|OA|18|79~REF|LU|31~REF|6R|1344340156Z1~LQ|HE|N522~CLP|261-1044|1|104|0||MB|2815013814750|32|1~NM1|QC|1|HARPER|JOE|M|||HN|452825305M~NM1|82|1||||||XX|1962447805~MOA|||MA01~DTM|050|20150113~SVC|HC^99309|104|0||||1~DTM|472|20140814~CAS|OA|18|104~REF|LU|32~REF|6R|1344340153Z1~LQ|HE|N522~CLP|253-1040|1|104|0||MB|2815013814740|32|1~NM1|QC|1|MIXON|MARION||||HN|418423701A~NM1|82|1||||||XX|1962447805~MOA|||MA01~DTM|050|20150113~SVC|HC^99309|104|0||||1~DTM|472|20140814~CAS|OA|18|104~REF|LU|32~REF|6R|1344340152Z1~LQ|HE|N522~CLP|64-95|1|51|0||MB|2815013815020|31|1~NM1|QC|1|OBENNOSKEY|WILLIAM|O|||HN|431609382A~NM1|82|1||||||XX|1962447805~MOA|||MA01~DTM|050|20150113~SVC|HC^99307|51|0||||1~DTM|472|20140703~CAS|OA|18|51~REF|LU|31~REF|6R|1344411240Z1~LQ|HE|N522~CLP|115-1736|1|51|0||MB|2815013815130|31|1~NM1|QC|1|ODIE|ESTERLEAN|H|||HN|427940263A~NM1|82|1||||||XX|1962447805~MOA|||MA01~DTM|050|20150113~SVC|HC^99307|51|0||||1~DTM|472|20140703~CAS|OA|18|51~REF|LU|31~REF|6R|1344411257Z1~LQ|HE|N522~CLP|289-1373|1|104|0|104|MB|2815006086840|31|1~NM1|QC|1|PORCHE|MARGARET||||HN|281421765T~NM1|82|1||||||XX|1962447805~MOA|||MA01~DTM|050|20150106~SVC|HC^99309|104|0||||1~DTM|472|20141113~CAS|PR|26|104~REF|LU|31~REF|6R|1338448760Z1~CLP|200-175|1|104|0||MB|2815013814590|31|1~NM1|QC|1|POWERS|JAMES|R|||HN|464443192A~NM1|82|1||||||XX|1962447805~MOA|||MA01~DTM|050|20150113~SVC|HC^99309|104|0||||1~DTM|472|20140807~CAS|OA|18|104~REF|LU|31~REF|6R|1344305113Z1~LQ|HE|N522~CLP|280-1200|1|104|0||MB|2914356286090|31|1~NM1|QC|1|SANDERS|PEGGY||||HN|412622112A~NM1|82|1||||||XX|1962447805~NM1|PR|2|PACIFICARE OF TEXAS|||||PI|H4590~MOA|||MA01~DTM|050|20141222~SVC|HC^99309|104|0||||1~DTM|472|20141030~CAS|CO|109|104~REF|LU|31~REF|6R|1326367681Z1~CLP|6-1036|1|104|0||MB|2815013814990|32|1~NM1|QC|1|THORNTON|ARWILDER||||HN|457072991C1~NM1|82|1||||||XX|1962447805~MOA|||MA01~DTM|050|20150113~SVC|HC^99309|104|0||||1~DTM|472|20140814~CAS|OA|18|104~REF|LU|32~REF|6R|1344376987Z1~LQ|HE|N522~SE|173|0001~ST|835|0002~BPR|I|2998.36|C|ACH|CCP|01|081517693|DA|152302017594|1205296137||01|111000025|DA|488038453432|20150115~TRN|1|889338107|1205296137~REF|EV|E12705~DTM|405|20150114~N1|PR|NOVITAS SOLUTIONS, INC.~N3|PO BOX 3110~N4|MECHANICSBURG|PA|170551826~REF|2U|04412~PER|CX||TE|8552528782~N1|PE|DFW GERIATRICS PLLC|XX|1063835361~N3|2925 SKYWAY CIRCLE NORTH~N4|IRVING|TX|750383510~REF|TJ|464596718~LX|1~CLP|169-98|19|104|68.25|17.41|MB|2814336191170|31|1~NM1|QC|1|BARKLEY|MARY||||HN|467427467A~NM1|82|1||||||XX|1962447805~NM1|TT|2|UNITEDHEALTH GROUP|||||PI|30002~MOA|||MA01|MA18~DTM|050|20141202~AMT|I|.06~SVC|HC^99309|104|68.25||1~DTM|472|20140703~CAS|CO|45|16.95||253|1.39~CAS|PR|2|17.41~REF|LU|31~REF|6R|1308595903Z1~AMT|B6|87.05~CLP|169-179|19|51|33.58|8.57|MB|2814338652050|31|1~NM1|QC|1|BARKLEY|MARY||||HN|467427467A~NM1|82|1||||||XX|1962447805~NM1|TT|2|UNITEDHEALTH GROUP|||||PI|30002~MOA|||MA01|MA18~DTM|050|20141204~AMT|I|.02~SVC|HC^99307|51|33.58||1~DTM|472|20140814~CAS|CO|45|8.16||253|.69~CAS|PR|2|8.57~REF|LU|31~REF|6R|1311003635Z1~AMT|B6|42.84~CLP|169-281|19|51|30.05|7.67|MB|2814339571550|31|1~NM1|QC|1|BARKLEY|MARY||||HN|467427467A~NM1|82|1||||||XX|1952303547~NM1|TT|2|UNITEDHEALTH GROUP|||||PI|30002~MOA|||MA01|MA18~DTM|050|20141205~AMT|I|.02~SVC|HC^99307|51|30.05||1~DTM|472|20140623~CAS|CO|45|12.67||253|.61~CAS|PR|2|7.67~REF|LU|31~REF|6R|1312061160Z1~AMT|B6|38.33~CLP|169-589|19|222|129.81|33.11|MB|2814350793740|33|1~NM1|QC|1|BARKLEY|MARY||||HN|467427467A~NM1|82|1||||||XX|1952303547~NM1|TT|2|UNITEDHEALTH GROUP|||||PI|30002~MOA|||MA01|MA18~DTM|050|20141216~SVC|HC^99337|222|129.81||1~DTM|472|20140903~CAS|CO|45|56.43||253|2.65~CAS|PR|2|33.11~REF|LU|33~REF|6R|1320822873Z1~AMT|B6|165.57~CLP|229-764|19|104|61.06|15.58|MB|2814350277430|31|1~NM1|QC|1|CATALANO|MARY|D|||HN|276284634A~NM1|82|1||||||XX|1952303547~NM1|TT|2|BCBS OF MICHIGAN|||||PI|00055~MOA|||MA01|MA18~DTM|050|20141216~SVC|HC^99309|104|61.06||1~DTM|472|20140918~CAS|CO|45|26.11||253|1.25~CAS|PR|2|15.58~REF|LU|31~REF|6R|1320446601Z1~AMT|B6|77.89~CLP|95-948|19|109|63.87|16.29|MB|2914352073920|33|1~NM1|QC|1|DAILY|TOM|A|||HN|467645645A~NM1|82|1||||||XX|1952303547~NM1|TT|2|TX HEALTH & HUMAN SERVICES COMMI|||||PI|70051~MOA|||MA01|MA07~DTM|050|20141218~SVC|HC^99335|109|63.87||1~DTM|472|20141113~CAS|CO|45|27.54||253|1.3~CAS|PR|2|16.29~REF|LU|33~REF|6R|1323888665Z1~AMT|B6|81.46~CLP|74-250|19|104|61.06|15.58|MB|2814339571260|31|1~NM1|QC|1|HANLON|MARY|M|||HN|554609386C2~NM1|82|1||||||XX|1952303547~NM1|TT|2|TX HEALTH & HUMAN SERVICES COMMI|||||PI|70051~MOA|||MA01|MA07~DTM|050|20141205~AMT|I|.04~SVC|HC^99309|104|61.06||1~DTM|472|20140624~CAS|CO|45|26.11||253|1.25~CAS|PR|2|15.58~REF|LU|31~REF|6R|1311993191Z1~AMT|B6|77.89~CLP|76-720|19|104|68.25|17.41|MB|2814350277040|32|1~NM1|QC|1|HARPER|OLIN|J|||HN|456603904A~NM1|82|1||||||XX|1962447805~NM1|TT|2|TX HEALTH & HUMAN SERVICES COMMI|||||PI|70051~MOA|||MA01|MA07~DTM|050|20141216~SVC|HC^99309|104|68.25||1~DTM|472|20140916~CAS|CO|45|16.95||253|1.39~CAS|PR|2|17.41~REF|LU|32~REF|6R|1320283114Z1~AMT|B6|87.05~CLP|11-294|19|93|54.43|13.89|MB|2814339571660|33|1~NM1|QC|1|HOCHMUTH|BERNICE|D|||HN|106201099A~NM1|82|1||||||XX|1952303547~NM1|TT|2|TX HEALTH & HUMAN SERVICES COMMI|||||PI|70051~MOA|||MA01|MA07~DTM|050|20141205~AMT|I|.03~SVC|HC^99325|93|54.43||1~DTM|472|20140623~CAS|CO|45|23.57||253|1.11~CAS|PR|2|13.89~REF|LU|33~REF|6R|1312061174Z1~AMT|B6|69.43~CLP|11-239|19|79|51.8|13.21|MB|2814339571740|31|1~NM1|QC|1|HOCHMUTH|BERNICE|D|||HN|106201099A~NM1|82|1||||||XX|1962447805~NM1|TT|2|TX HEALTH & HUMAN SERVICES COMMI|||||PI|70051~MOA|||MA01|MA07~DTM|050|20141205~AMT|I|.03~SVC|HC^99308|79|51.8||1~DTM|472|20140724~CAS|CO|45|12.93||253|1.06~CAS|PR|2|13.21~REF|LU|31~REF|6R|1312079039Z1~AMT|B6|66.07~CLP|11-616|19|109|63.87|16.29|MB|2814351325900|33|1~NM1|QC|1|HOCHMUTH|BERNICE|D|||HN|106201099A~NM1|82|1||||||XX|1952303547~NM1|TT|2|TX HEALTH & HUMAN SERVICES COMMI|||||PI|70051~MOA|||MA01|MA07~DTM|050|20141217~SVC|HC^99335|109|63.87||1~DTM|472|20140910~CAS|CO|45|27.54||253|1.3~CAS|PR|2|16.29~REF|LU|33~REF|6R|1321930018Z1~AMT|B6|81.46~CLP|131-173|19|51|33.58|8.57|MB|2814338652130|32|1~NM1|QC|1|JOHNSON|GEORGE||||HN|451619160A~NM1|82|1||||||XX|1962447805~NM1|TT|2|TX HEALTH & HUMAN SERVICES COMMI|||||PI|70051~MOA|||MA01|MA07~DTM|050|20141204~AMT|I|.02~SVC|HC^99307|51|33.58||1~DTM|472|20140811~CAS|CO|45|8.16||253|.69~CAS|PR|2|8.57~REF|LU|32~REF|6R|1311023150Z1~AMT|B6|42.84~CLP|131-672|19|104|68.25|17.41|MB|2814350276750|32|1~NM1|QC|1|JOHNSON|GEORGE||||HN|451619160A~NM1|82|1||||||XX|1962447805~NM1|TT|2|TX HEALTH & HUMAN SERVICES COMMI|||||PI|70051~MOA|||MA01|MA07~DTM|050|20141216~SVC|HC^99309|104|68.25||1~DTM|472|20140908~CAS|CO|45|16.95||253|1.39~CAS|PR|2|17.41~REF|LU|32~REF|6R|1320231321Z1~AMT|B6|87.05~CLP|104-126|19|51|33.58|8.57|MB|2814338651650|32|1~NM1|QC|1|LAROCCO|DONALD|J|||HN|342526132A~NM1|82|1||||||XX|1962447805~NM1|TT|2|TX HEALTH & HUMAN SERVICES COMMI|||||PI|70051~MOA|||MA01|MA07~DTM|050|20141204~AMT|I|.02~SVC|HC^99307|51|33.58||1~DTM|472|20140714~CAS|CO|45|8.16||253|.69~CAS|PR|2|8.57~REF|LU|32~REF|6R|1311002563Z1~AMT|B6|42.84~CLP|104-169|19|51|33.58|8.57|MB|2814338651980|32|1~NM1|QC|1|LAROCCO|DONALD|J|||HN|342526132A~NM1|82|1||||||XX|1962447805~NM1|TT|2|TX HEALTH & HUMAN SERVICES COMMI|||||PI|70051~MOA|||MA01|MA07~DTM|050|20141204~AMT|I|.02~SVC|HC^99307|51|33.58||1~DTM|472|20140811~CAS|CO|45|8.16||253|.69~CAS|PR|2|8.57~REF|LU|32~REF|6R|1311003627Z1~AMT|B6|42.84~CLP|104-719|19|104|68.25|17.41|MB|2814350277010|32|1~NM1|QC|1|LAROCCO|DONALD|J|||HN|342526132A~NM1|82|1||||||XX|1962447805~NM1|TT|2|TX HEALTH & HUMAN SERVICES COMMI|||||PI|70051~MOA|||MA01|MA07~DTM|050|20141216~SVC|HC^99309|104|68.25||1~DTM|472|20140916~CAS|CO|45|16.95||253|1.39~CAS|PR|2|17.41~REF|LU|32~REF|6R|1320283106Z1~AMT|B6|87.05~CLP|104-611|19|51|33.58|8.57|MB|2814350793970|32|1~NM1|QC|1|LAROCCO|DONALD|J|||HN|342526132A~NM1|82|1||||||XX|1962447805~NM1|TT|2|TX HEALTH & HUMAN SERVICES COMMI|||||PI|70051~MOA|||MA01|MA07~DTM|050|20141216~SVC|HC^99307|51|33.58||1~DTM|472|20140908~CAS|CO|45|8.16||253|.69~CAS|PR|2|8.57~REF|LU|32~REF|6R|1320858656Z1~AMT|B6|42.84~CLP|156-379|19|104|61.06|15.58|MB|2814351325490|31|1~NM1|QC|1|LEWIS|EDWARD||||HN|547680273A~NM1|82|1||||||XX|1952303547~NM1|TT|2|TX HEALTH & HUMAN SERVICES COMMI|||||PI|70051~MOA|||MA01|MA07~DTM|050|20141217~SVC|HC^99309|104|61.06||1~DTM|472|20140710~CAS|CO|45|26.11||253|1.25~CAS|PR|2|15.58~REF|LU|31~REF|6R|1321923110Z1~AMT|B6|77.89~CLP|156-424|19|104|61.06|15.58|MB|2814351325510|31|1~NM1|QC|1|LEWIS|EDWARD||||HN|547680273A~NM1|82|1||||||XX|1952303547~NM1|TT|2|TX HEALTH & HUMAN SERVICES COMMI|||||PI|70051~MOA|||MA01|MA07~DTM|050|20141217~SVC|HC^99309|104|61.06||1~DTM|472|20140716~CAS|CO|45|26.11||253|1.25~CAS|PR|2|15.58~REF|LU|31~REF|6R|1321923112Z1~AMT|B6|77.89~CLP|156-636|19|109|63.87|16.29|MB|2814351326040|33|1~NM1|QC|1|LEWIS|EDWARD||||HN|547680273A~NM1|82|1||||||XX|1952303547~NM1|TT|2|TX HEALTH & HUMAN SERVICES COMMI|||||PI|70051~MOA|||MA01|MA07~DTM|050|20141217~SVC|HC^99335|109|63.87||1~DTM|472|20140911~CAS|CO|45|27.54||253|1.3~CAS|PR|2|16.29~REF|LU|33~REF|6R|1321942370Z1~AMT|B6|81.46~CLP|156-950|19|109|63.87|16.29|MB|2914352073930|33|1~NM1|QC|1|LEWIS|EDWARD||||HN|547680273A~NM1|82|1||||||XX|1952303547~NM1|TT|2|TX HEALTH & HUMAN SERVICES COMMI|||||PI|70051~MOA|||MA01|MA07~DTM|050|20141218~SVC|HC^99335|109|63.87||1~DTM|472|20141113~CAS|CO|45|27.54||253|1.3~CAS|PR|2|16.29~REF|LU|33~REF|6R|1323888672Z1~AMT|B6|81.46~CLP|237-810|19|83|54.18|13.82|MB|2914352073420|21|1~NM1|QC|1|MILLER|CYNTHIA||||HN|359547702A~NM1|82|1||||||XX|1962447805~NM1|TT|2|HCSC-BCBS OF IL-STD A & B|||||PI|30024~MOA|||MA01|MA18~DTM|050|20141218~SVC|HC^99232|83|54.18||1~DTM|472|20141001~CAS|CO|45|13.89||253|1.11~CAS|PR|2|13.82~REF|LU|21~REF|6R|1323794383Z1~AMT|B6|69.11~CLP|237-813|19|123|80.52|20.54|MB|2914352073430|21|1~NM1|QC|1|MILLER|CYNTHIA||||HN|359547702A~NM1|82|1||||||XX|1962447805~NM1|TT|2|HCSC-BCBS OF IL-STD A & B|||||PI|30024~MOA|||MA01|MA18~DTM|050|20141218~SVC|HC^99239|123|80.52||1~DTM|472|20141003~CAS|CO|45|20.3||253|1.64~CAS|PR|2|20.54~REF|LU|21~REF|6R|1323794469Z1~AMT|B6|102.7~CLP|237-811|19|189|123.35|31.46|MB|2914352073440|21|1~NM1|QC|1|MILLER|CYNTHIA||||HN|359547702A~NM1|82|1||||||XX|1962447805~NM1|TT|2|HCSC-BCBS OF IL-STD A & B|||||PI|30024~MOA|||MA01|MA18~DTM|050|20141218~SVC|HC^99232^25|83|54.18||1~DTM|472|20141002~CAS|CO|45|13.89||253|1.11~CAS|PR|2|13.82~REF|LU|21~REF|6R|1323794624Z1~AMT|B6|69.11~SVC|HC^99356|106|69.17||1~DTM|472|20141002~CAS|CO|45|17.78||253|1.41~CAS|PR|2|17.64~REF|LU|21~REF|6R|1323794624Z2~AMT|B6|88.22~CLP|237-808|19|83|54.18|13.82|MB|2914352073450|21|1~NM1|QC|1|MILLER|CYNTHIA||||HN|359547702A~NM1|82|1||||||XX|1962447805~NM1|TT|2|HCSC-BCBS OF IL-STD A & B|||||PI|30024~MOA|||MA01|MA18~DTM|050|20141218~SVC|HC^99232|83|54.18||1~DTM|472|20140929~CAS|CO|45|13.89||253|1.11~CAS|PR|2|13.82~REF|LU|21~REF|6R|1323794834Z1~AMT|B6|69.11~CLP|237-809|19|120|78.09|19.92|MB|2914352073460|21|1~NM1|QC|1|MILLER|CYNTHIA||||HN|359547702A~NM1|82|1||||||XX|1962447805~NM1|TT|2|HCSC-BCBS OF IL-STD A & B|||||PI|30024~MOA|||MA01|MA18~DTM|050|20141218~SVC|HC^99233|120|78.09||1~DTM|472|20140930~CAS|CO|45|20.4||253|1.59~CAS|PR|2|19.92~REF|LU|21~REF|6R|1323794992Z1~AMT|B6|99.6~CLP|237-805|19|189|123.35|31.46|MB|2914352073470|21|1~NM1|QC|1|MILLER|CYNTHIA||||HN|359547702A~NM1|82|1||||||XX|1962447805~NM1|TT|2|HCSC-BCBS OF IL-STD A & B|||||PI|30024~MOA|||MA01|MA18~DTM|050|20141218~SVC|HC^99232^25|83|54.18||1~DTM|472|20140926~CAS|CO|45|13.89||253|1.11~CAS|PR|2|13.82~REF|LU|21~REF|6R|1323795170Z1~AMT|B6|69.11~SVC|HC^99356|106|69.17||1~DTM|472|20140926~CAS|CO|45|17.78||253|1.41~CAS|PR|2|17.64~REF|LU|21~REF|6R|1323795170Z2~AMT|B6|88.22~CLP|237-806|19|120|78.09|19.92|MB|2914352073490|21|1~NM1|QC|1|MILLER|CYNTHIA||||HN|359547702A~NM1|82|1||||||XX|1962447805~NM1|TT|2|HCSC-BCBS OF IL-STD A & B|||||PI|30024~MOA|||MA01|MA18~DTM|050|20141218~SVC|HC^99233|120|78.09||1~DTM|472|20140927~CAS|CO|45|20.4||253|1.59~CAS|PR|2|19.92~REF|LU|21~REF|6R|1323796057Z1~AMT|B6|99.6~CLP|237-804|19|120|78.09|19.92|MB|2914352073500|21|1~NM1|QC|1|MILLER|CYNTHIA||||HN|359547702A~NM1|82|1||||||XX|1962447805~NM1|TT|2|HCSC-BCBS OF IL-STD A & B|||||PI|30024~MOA|||MA01|MA18~DTM|050|20141218~SVC|HC^99233|120|78.09||1~DTM|472|20140925~CAS|CO|45|20.4||253|1.59~CAS|PR|2|19.92~REF|LU|21~REF|6R|1323796263Z1~AMT|B6|99.6~CLP|237-801|19|226|147.26|37.56|MB|2914352073510|21|1~NM1|QC|1|MILLER|CYNTHIA||||HN|359547702A~NM1|82|1||||||XX|1962447805~NM1|TT|2|HCSC-BCBS OF IL-STD A & B|||||PI|30024~MOA|||MA01|MA18~DTM|050|20141218~SVC|HC^99233^25|120|78.09||1~DTM|472|20140924~CAS|CO|45|20.4||253|1.59~CAS|PR|2|19.92~REF|LU|21~REF|6R|1323796476Z1~AMT|B6|99.6~SVC|HC^99356|106|69.17||1~DTM|472|20140924~CAS|CO|45|17.78||253|1.41~CAS|PR|2|17.64~REF|LU|21~REF|6R|1323796476Z2~AMT|B6|88.22~CLP|237-800|19|234|152.6|38.93|MB|2914352073520|21|1~NM1|QC|1|MILLER|CYNTHIA||||HN|359547702A~NM1|82|1||||||XX|1962447805~NM1|TT|2|HCSC-BCBS OF IL-STD A & B|||||PI|30024~MOA|||MA01|MA18~DTM|050|20141218~SVC|HC^99223|234|152.6||1~DTM|472|20140923~CAS|CO|45|39.36||253|3.11~CAS|PR|2|38.93~REF|LU|21~REF|6R|1323796773Z1~AMT|B6|194.64~CLP|58-697|19|79|51.8|13.21|MB|2814350276780|31|1~NM1|QC|1|PASEK|VELMA|L|||HN|487092006D~NM1|82|1||||||XX|1962447805~NM1|TT|2|HCSC-BCBS OF TX-FEP B ONLY|||||PI|80012~MOA|||MA01|MA18~DTM|050|20141216~SVC|HC^99308|79|51.8||1~DTM|472|20140902~CAS|CO|45|12.93||253|1.06~CAS|PR|2|13.21~REF|LU|31~REF|6R|1320253847Z1~AMT|B6|66.07~CLP|58-752|19|104|68.25|17.41|MB|2814350277600|31|1~NM1|QC|1|PASEK|VELMA|L|||HN|487092006D~NM1|82|1||||||XX|1962447805~NM1|TT|2|HCSC-BCBS OF TX-FEP B ONLY|||||PI|80012~MOA|||MA01|MA18~DTM|050|20141216~SVC|HC^99309|104|68.25||1~DTM|472|20140911~CAS|CO|45|16.95||253|1.39~CAS|PR|2|17.41~REF|LU|31~REF|6R|1320468018Z1~AMT|B6|87.05~CLP|58-545|19|104|61.06|15.58|MB|2814350793820|31|1~NM1|QC|1|PASEK|VELMA|L|||HN|487092006D~NM1|82|1||||||XX|1952303547~NM1|TT|2|HCSC-BCBS OF TX-FEP B ONLY|||||PI|80012~MOA|||MA01|MA18~DTM|050|20141216~SVC|HC^99309|104|61.06||1~DTM|472|20140825~CAS|CO|45|26.11||253|1.25~CAS|PR|2|15.58~REF|LU|31~REF|6R|1320853524Z1~AMT|B6|77.89~CLP|58-572|19|104|61.06|15.58|MB|2814351325800|31|1~NM1|QC|1|PASEK|VELMA|L|||HN|487092006D~NM1|82|1||||||XX|1952303547~NM1|TT|2|HCSC-BCBS OF TX-FEP B ONLY|||||PI|80012~MOA|||MA01|MA18~DTM|050|20141217~SVC|HC^99309|104|61.06||1~DTM|472|20140814~CAS|CO|45|26.11||253|1.25~CAS|PR|2|15.58~REF|LU|31~REF|6R|1321924003Z1~AMT|B6|77.89~CLP|58-573|19|104|61.06|15.58|MB|2814351325810|31|1~NM1|QC|1|PASEK|VELMA|L|||HN|487092006D~NM1|82|1||||||XX|1952303547~NM1|TT|2|HCSC-BCBS OF TX-FEP B ONLY|||||PI|80012~MOA|||MA01|MA18~DTM|050|20141217~SVC|HC^99309|104|61.06||1~DTM|472|20140818~CAS|CO|45|26.11||253|1.25~CAS|PR|2|15.58~REF|LU|31~REF|6R|1321924004Z1~AMT|B6|77.89~CLP|176-275|19|104|61.06|15.58|MB|2814339571500|31|1~NM1|QC|1|PILGRIM|NELL|L|||HN|411098338D~NM1|82|1||||||XX|1952303547~NM1|TT|2|UNITEDHEALTH GROUP|||||PI|30002~MOA|||MA01|MA18~DTM|050|20141205~AMT|I|.04~SVC|HC^99309|104|61.06||1~DTM|472|20140619~CAS|CO|45|26.11||253|1.25~CAS|PR|2|15.58~REF|LU|31~REF|6R|1312052636Z1~AMT|B6|77.89~CLP|176-584|19|109|63.87|16.29|MB|2814350794020|33|1~NM1|QC|1|PILGRIM|NELL|L|||HN|411098338D~NM1|82|1||||||XX|1952303547~NM1|TT|2|UNITEDHEALTH GROUP|||||PI|30002~MOA|||MA01|MA18~DTM|050|20141216~SVC|HC^99335|109|63.87||1~DTM|472|20140903~CAS|CO|45|27.54||253|1.3~CAS|PR|2|16.29~REF|LU|33~REF|6R|1320888879Z1~AMT|B6|81.46~CLP|176-529|19|222|129.81|33.11|MB|2814351325570|33|1~NM1|QC|1|PILGRIM|NELL|L|||HN|411098338D~NM1|82|1||||||XX|1952303547~NM1|TT|2|UNITEDHEALTH GROUP|||||PI|30002~MOA|||MA01|MA18~DTM|050|20141217~SVC|HC^99337|222|129.81||1~DTM|472|20140821~CAS|CO|45|56.43||253|2.65~CAS|PR|2|33.11~REF|LU|33~REF|6R|1321923239Z1~AMT|B6|165.57~CLP|18-165|19|51|33.58|8.57|MB|2814338651820|32|1~NM1|QC|1|PONCE|RAYMOND||||HN|562659571A~NM1|82|1||||||XX|1962447805~NM1|TT|2|TX HEALTH & HUMAN SERVICES COMMI|||||PI|70051~MOA|||MA01|MA07~DTM|050|20141204~AMT|I|.02~SVC|HC^99307|51|33.58||1~DTM|472|20140721~CAS|CO|45|8.16||253|.69~CAS|PR|2|8.57~REF|LU|32~REF|6R|1311002584Z1~AMT|B6|42.84~CLP|18-161|19|51|33.58|8.57|MB|2814338651930|32|1~NM1|QC|1|PONCE|RAYMOND||||HN|562659571A~NM1|82|1||||||XX|1962447805~NM1|TT|2|TX HEALTH & HUMAN SERVICES COMMI|||||PI|70051~MOA|||MA01|MA07~DTM|050|20141204~AMT|I|.02~SVC|HC^99307|51|33.58||1~DTM|472|20140811~CAS|CO|45|8.16||253|.69~CAS|PR|2|8.57~REF|LU|32~REF|6R|1311003622Z1~AMT|B6|42.84~CLP|18-668|19|104|68.25|17.41|MB|2814350276610|32|1~NM1|QC|1|PONCE|RAYMOND||||HN|562659571A~NM1|82|1||||||XX|1962447805~NM1|TT|2|TX HEALTH & HUMAN SERVICES COMMI|||||PI|70051~MOA|||MA01|MA07~DTM|050|20141216~SVC|HC^99309|104|68.25||1~DTM|472|20140908~CAS|CO|45|16.95||253|1.39~CAS|PR|2|17.41~REF|LU|32~REF|6R|1320218444Z1~AMT|B6|87.05~CLP|18-650|19|51|33.58|8.57|MB|2814350277340|32|1~NM1|QC|1|PONCE|RAYMOND||||HN|562659571A~NM1|82|1||||||XX|1962447805~NM1|TT|2|TX HEALTH & HUMAN SERVICES COMMI|||||PI|70051~MOA|||MA01|MA07~DTM|050|20141216~SVC|HC^99307|51|33.58||1~DTM|472|20140922~CAS|CO|45|8.16||253|.69~CAS|PR|2|8.57~REF|LU|32~REF|6R|1320342581Z1~AMT|B6|42.84~CLP|18-909|19|104|61.06|15.58|MB|2914352073160|32|1~NM1|QC|1|PONCE|RAYMOND||||HN|562659571A~NM1|82|1||||||XX|1952303547~NM1|TT|2|TX HEALTH & HUMAN SERVICES COMMI|||||PI|70051~MOA|||MA01|MA07~DTM|050|20141218~SVC|HC^99309|104|61.06||1~DTM|472|20141103~CAS|CO|45|26.11||253|1.25~CAS|PR|2|15.58~REF|LU|32~REF|6R|1323766490Z1~AMT|B6|77.89~CLP|18-944|19|51|33.58|8.57|MB|2914352073820|32|1~NM1|QC|1|PONCE|RAYMOND||||HN|562659571A~NM1|82|1||||||XX|1962447805~NM1|TT|2|TX HEALTH & HUMAN SERVICES COMMI|||||PI|70051~MOA|||MA01|MA07~DTM|050|20141218~SVC|HC^99307|51|33.58||1~DTM|472|20140519~CAS|CO|45|8.16||253|.69~CAS|PR|2|8.57~REF|LU|32~REF|6R|1323834177Z1~AMT|B6|42.84~PLB|1063835361|20151231|L6|-0.34~SE|635|0002~GE|2|457~IEA|1|000000462~