ISA|00|          |00|          |ZZ|ZIRMED         |ZZ|11             |160224|1357|U|00401|000001799|0|P|^~GS|HP|ZIRMED|FIS123456789|20160224|1357|1794|X|004010X091A1~ST|835|0001~BPR|I|4173.68|C|ACH|CCP|01|092904554|DA|150097034071|1201494502||01|111000025|DA|488038453432|20160223~TRN|1|EFT3198913|1201494502~REF|EV|FIS123456789~REF|F2|TXMC QNXT~DTM|405|20160222~N1|PR|MOLINA HEALTHCARE OF TEXAS, INC~N3|2505 N. STATE HIGHWAY 360|STE 300~N4|GRAND PRAIRIE|TX|75050~N1|PE|DFW PRIMARY CARE PLLC|XX|1063835361~N3|2925 SKYWAY CICLE NORTH~N4|IRVING|TX|750383510~REF|TJ|464596718~LX|1~CLP|6056-5315|1|134|111.91||MC|16050917410~NM1|QC|1|SANGER|SWARN||||MI|0002632149~NM1|82|1|KETHA|SUMANA||||XX|1962447805~REF|CE|45786002000206~DTM|232|20160107~DTM|233|20160107~DTM|050|20160219~AMT|AU|134~SVC|HC^99214^25|130|108.74||1~DTM|472|20160107~CAS|CO|45|21.26~REF|6R|1692724620Z1~AMT|B6|108.74~SVC|HC^94760|4|3.17||1~DTM|472|20160107~CAS|CO|45|.83~REF|6R|1692724620Z2~AMT|B6|3.17~CLP|6057-5316|1|134|111.91||MC|16050917417~NM1|QC|1|SANGER|MANEESH||||MI|0002128217~NM1|82|1|KETHA|SUMANA||||XX|1962447805~REF|CE|45786002000206~DTM|232|20160107~DTM|233|20160107~DTM|050|20160219~AMT|AU|134~SVC|HC^99214^25|130|108.74||1~DTM|472|20160107~CAS|CO|45|21.26~REF|6R|1692724621Z1~AMT|B6|108.74~SVC|HC^94760|4|3.17||1~DTM|472|20160107~CAS|CO|45|.83~REF|6R|1692724621Z2~AMT|B6|3.17~CLP|6087-5353|1|149|123.19||MC|16050917430~NM1|QC|1|SANGER|HURSH||||MI|0002547525~NM1|82|1|KETHA|SUMANA||||XX|1962447805~REF|CE|45786002000206~DTM|232|20160108~DTM|233|20160108~DTM|050|20160219~AMT|AU|149~SVC|HC^99395^25|145|120.02||1~DTM|472|20160108~CAS|CO|45|24.98~REF|6R|1692724628Z1~AMT|B6|120.02~SVC|HC^94760|4|3.17||1~DTM|472|20160108~CAS|CO|45|.83~REF|6R|1692724628Z2~AMT|B6|3.17~CLP|6199-5411|1|226|188.11||MC|16050917445~NM1|QC|1|BRUCE|RICARDO||||MI|0002155758~NM1|82|1|KETHA|SUMANA||||XX|1962447805~REF|CE|45786002000206~DTM|232|20160112~DTM|233|20160112~DTM|050|20160219~AMT|AU|226~SVC|HC^99204^25|200|166.54||1~DTM|472|20160112~CAS|CO|45|33.46~REF|6R|1692724635Z1~AMT|B6|166.54~SVC|HC^94760|4|3.17||1~DTM|472|20160112~CAS|CO|45|.83~REF|6R|1692724635Z2~AMT|B6|3.17~SVC|HC^G0444|22|18.4||1~DTM|472|20160112~CAS|CO|45|3.6~REF|6R|1692724635Z3~AMT|B6|18.4~CLP|6194-5430|1|204|169.71||MC|16050917453~NM1|QC|1|RESHAMWALA|ZAID|R|||MI|0002335090~NM1|82|1|KETHA|SUMANA||||XX|1962447805~REF|CE|45786002000206~DTM|232|20160112~DTM|233|20160112~DTM|050|20160219~AMT|AU|204~SVC|HC^99204^25|200|166.54||1~DTM|472|20160112~CAS|CO|45|33.46~REF|6R|1692724637Z1~AMT|B6|166.54~SVC|HC^94760|4|3.17||1~DTM|472|20160112~CAS|CO|45|.83~REF|6R|1692724637Z2~AMT|B6|3.17~CLP|6206-5441|1|205|193.54||MC|16050917457~NM1|QC|1|TARIQ|SAMIRA||||MI|0002537934~NM1|74|1||||||C|0003421773~NM1|82|1|KETHA|SUMANA||||XX|1962447805~REF|CE|45786002000206~DTM|232|20160114~DTM|233|20160114~DTM|050|20160219~AMT|AU|205~SVC|HC^99205^25|149|149||1~DTM|472|20160114~REF|6R|1692724638Z1~AMT|B6|149~SVC|HC^90471|33|25.62||1~DTM|472|20160114~CAS|CO|45|7.38~REF|6R|1692724638Z2~AMT|B6|25.62~SVC|HC^90654|23|18.92||1~DTM|472|20160114~CAS|CO|45|4.08~REF|6R|1692724638Z3~AMT|B6|18.92~CLP|6195-5453|1|171|167.4||MC|16050917460~NM1|QC|1|ANWAR|ROSHAN||||MI|0003329513~NM1|74|1||ROSHAN ARA~NM1|82|1|KETHA|SUMANA||||XX|1962447805~REF|CE|45786002000206~DTM|232|20160114~DTM|233|20160114~DTM|050|20160219~AMT|AU|171~SVC|HC^99205^25|149|149||1~DTM|472|20160114~REF|6R|1692724641Z1~AMT|B6|149~SVC|HC^G0444|22|18.4||1~DTM|472|20160114~CAS|CO|45|3.6~REF|6R|1692724641Z2~AMT|B6|18.4~CLP|6135-5467|1|134|81.91|30|MC|16050917463~NM1|QC|1|VERMA|RAM||||MI|0002629848~NM1|82|1|KETHA|SUMANA||||XX|1962447805~REF|CE|45786001000201~DTM|232|20160114~DTM|233|20160114~DTM|050|20160219~AMT|AU|104~SVC|HC^99214^25|130|78.74||1~DTM|472|20160114~CAS|CO|45|21.26~CAS|PR|3|30~REF|6R|1692724643Z1~AMT|B6|108.74~SVC|HC^94760|4|3.17||1~DTM|472|20160114~CAS|CO|45|.83~REF|6R|1692724643Z2~AMT|B6|3.17~CLP|6134-5468|1|134|81.91|30|MC|16050917466~NM1|QC|1|VERMA|KUSUM||||MI|0002567443~NM1|82|1|KETHA|SUMANA||||XX|1962447805~REF|CE|45786001000201~DTM|232|20160114~DTM|233|20160114~DTM|050|20160219~AMT|AU|104~SVC|HC^99214^25|130|78.74||1~DTM|472|20160114~CAS|CO|45|21.26~CAS|PR|3|30~REF|6R|1692724706Z1~AMT|B6|108.74~SVC|HC^94760|4|3.17||1~DTM|472|20160114~CAS|CO|45|.83~REF|6R|1692724706Z2~AMT|B6|3.17~CLP|6204-5479|1|149|129|20|MC|16050917482~NM1|QC|1|STAPP|MADELINE||||MI|0002283023~NM1|74|1||MADELAINE~NM1|82|1|KETHA|SUMANA||||XX|1962447805~REF|CE|45786002000204~DTM|232|20160115~DTM|233|20160115~DTM|050|20160219~AMT|AU|129~SVC|HC^99205|149|129||1~DTM|472|20160115~CAS|PR|3|20~REF|6R|1692732713Z1~AMT|B6|149~CLP|6205-5480|1|149|129|20|MC|16050917485~NM1|QC|1|STAPP|JOE||||MI|0002133381~NM1|82|1|KETHA|SUMANA||||XX|1962447805~REF|CE|45786002000204~DTM|232|20160115~DTM|233|20160115~DTM|050|20160219~AMT|AU|129~SVC|HC^99205|149|129||1~DTM|472|20160115~CAS|PR|3|20~REF|6R|1692732714Z1~AMT|B6|149~CLP|6194-5483|1|145|120.02||MC|16050917488~NM1|QC|1|RESHAMWALA|ZAID|R|||MI|0002335090~NM1|82|1|KETHA|SUMANA||||XX|1962447805~REF|CE|45786002000206~DTM|232|20160115~DTM|233|20160115~DTM|050|20160219~AMT|AU|145~SVC|HC^99395|145|120.02||1~DTM|472|20160115~CAS|CO|45|24.98~REF|6R|1692732715Z1~AMT|B6|120.02~CLP|6202-5540|1|204|159.71|10|MC|16050917577~NM1|QC|1|RAYAMAJHI|DOR|B|||MI|0003328148~NM1|82|1|KETHA|SUMANA||||XX|1962447805~REF|CE|45786002000205~DTM|232|20160119~DTM|233|20160119~DTM|050|20160219~AMT|AU|194~SVC|HC^99204^25|200|156.54||1~DTM|472|20160119~CAS|CO|45|33.46~CAS|PR|3|10~REF|6R|1692732722Z1~AMT|B6|166.54~SVC|HC^94760|4|3.17||1~DTM|472|20160119~CAS|CO|45|.83~REF|6R|1692732722Z2~AMT|B6|3.17~CLP|6200-5541|1|153|142.17|10|MC|16050917580~NM1|QC|1|SKEINS|CYNTHIA|ANN|||MI|0002956803~NM1|82|1|KETHA|SUMANA||||XX|1962447805~REF|CE|45786002000205~DTM|232|20160119~DTM|233|20160119~DTM|050|20160219~AMT|AU|143~SVC|HC^99205^25|149|139||1~DTM|472|20160119~CAS|PR|3|10~REF|6R|1692732724Z1~AMT|B6|149~SVC|HC^94760|4|3.17||1~DTM|472|20160119~CAS|CO|45|.83~REF|6R|1692732724Z2~AMT|B6|3.17~CLP|6201-5542|1|204|159.71|10|MC|16050917584~NM1|QC|1|SKEINS|MARQUI|DJUAN|||MI|0002522480~NM1|82|1|KETHA|SUMANA||||XX|1962447805~REF|CE|45786002000205~DTM|232|20160119~DTM|233|20160119~DTM|050|20160219~AMT|AU|194~SVC|HC^99204^25|200|156.54||1~DTM|472|20160119~CAS|CO|45|33.46~CAS|PR|3|10~REF|6R|1692732725Z1~AMT|B6|166.54~SVC|HC^94760|4|3.17||1~DTM|472|20160119~CAS|CO|45|.83~REF|6R|1692732725Z2~AMT|B6|3.17~CLP|6221-5565|1|149|149||MC|16050917597~NM1|QC|1|BADAWI|BASSAM||||MI|0002240329~NM1|82|1|KETHA|SUMANA||||XX|1962447805~REF|CE|45786002000206~DTM|232|20160121~DTM|233|20160121~DTM|050|20160219~AMT|AU|149~SVC|HC^99205|149|149||1~DTM|472|20160121~REF|6R|1692732728Z1~AMT|B6|149~CLP|6226-5579|1|200|166.54||MC|16050917607~NM1|QC|1|BHATTRAI|CHAT||||MI|0002540725~NM1|82|1|KETHA|SUMANA||||XX|1962447805~REF|CE|45786002000206~DTM|232|20160121~DTM|233|20160121~DTM|050|20160219~AMT|AU|200~SVC|HC^99204|200|166.54||1~DTM|472|20160121~CAS|CO|45|33.46~REF|6R|1692732730Z1~AMT|B6|166.54~CLP|6199-5615|1|159|131.1||MC|16050917625~NM1|QC|1|BRUCE|RICARDO||||MI|0002155758~NM1|82|1|KETHA|SUMANA||||XX|1962447805~REF|CE|45786002000206~DTM|232|20160122~DTM|233|20160122~DTM|050|20160219~AMT|AU|159~SVC|HC^99396^25|155|127.93||1~DTM|472|20160122~CAS|CO|45|27.07~REF|6R|1692732736Z1~AMT|B6|127.93~SVC|HC^94760|4|3.17||1~DTM|472|20160122~CAS|CO|45|.83~REF|6R|1692732736Z2~AMT|B6|3.17~CLP|6211-5630|1|149|149||MC|16050917685~NM1|QC|1|ATTEYAH|MAHER|A|||MI|0002918785~NM1|82|1|KETHA|SUMANA||||XX|1962447805~REF|CE|45786002000206~DTM|232|20160125~DTM|233|20160125~DTM|050|20160219~AMT|AU|149~SVC|HC^99205|149|149||1~DTM|472|20160125~REF|6R|1692736336Z1~AMT|B6|149~CLP|6217-5658|1|209|44.54|152.17|MC|16050917698~NM1|QC|1|VILLATORO|CARMEN||||MI|0003139032~NM1|82|1|KETHA|SUMANA||||XX|1962447805~REF|CE|45786002000301~DTM|232|20160126~DTM|233|20160126~DTM|050|20160219~AMT|AU|56.83~SVC|HC^99205^25|149|0||1~DTM|472|20160126~CAS|PR|1|149~REF|6R|1692736341Z1~AMT|B6|149~SVC|HC^94760|4|0||1~DTM|472|20160126~CAS|CO|45|.83~CAS|PR|1|3.17~REF|6R|1692736341Z2~AMT|B6|3.17~SVC|HC^90654|23|18.92||1~DTM|472|20160126~CAS|CO|45|4.08~REF|6R|1692736341Z3~AMT|B6|18.92~SVC|HC^90471|33|25.62||1~DTM|472|20160126~CAS|CO|45|7.38~REF|6R|1692736341Z4~AMT|B6|25.62~CLP|1914-5676|1|153|152.17||MC|16050917710~NM1|QC|1|PERKINS|WAYNE||||MI|0001484445~NM1|82|1|KETHA|SUMANA||||XX|1962447805~REF|CE|45786002000206~DTM|232|20160128~DTM|233|20160128~DTM|050|20160219~AMT|AU|153~SVC|HC^99205^25|149|149||1~DTM|472|20160128~REF|6R|1692736345Z1~AMT|B6|149~SVC|HC^94760|4|3.17||1~DTM|472|20160128~CAS|CO|45|.83~REF|6R|1692736345Z2~AMT|B6|3.17~CLP|6205-5700|1|155|127.93||MC|16050917719~NM1|QC|1|STAPP|JOE||||MI|0002133381~NM1|82|1|KETHA|SUMANA||||XX|1962447805~REF|CE|45786002000204~DTM|232|20160129~DTM|233|20160129~DTM|050|20160219~AMT|AU|155~SVC|HC^99396|155|127.93||1~DTM|472|20160129~CAS|CO|45|27.07~REF|6R|1692736348Z1~AMT|B6|127.93~CLP|6204-5701|1|205|167.43||MC|16050917723~NM1|QC|1|STAPP|MADELINE||||MI|0002283023~NM1|74|1||MADELAINE~NM1|82|1|KETHA|SUMANA||||XX|1962447805~REF|CE|45786002000204~DTM|232|20160129~DTM|233|20160129~DTM|050|20160219~AMT|AU|205~SVC|HC^99396^25|155|127.93||1~DTM|472|20160129~CAS|CO|45|27.07~REF|6R|1692736349Z1~AMT|B6|127.93~SVC|HC^90656|17|13.88||1~DTM|472|20160129~CAS|CO|45|3.12~REF|6R|1692736349Z2~AMT|B6|13.88~SVC|HC^90471|33|25.62||1~DTM|472|20160129~CAS|CO|45|7.38~REF|6R|1692736349Z3~AMT|B6|25.62~CLP|6221-5711|1|174|146.44||MC|16050917726~NM1|QC|1|BADAWI|BASSAM||||MI|0002240329~NM1|82|1|KETHA|SUMANA||||XX|1962447805~REF|CE|45786002000206~DTM|232|20160129~DTM|233|20160129~DTM|050|20160219~AMT|AU|174~SVC|HC^99215|174|146.44||1~DTM|472|20160129~CAS|CO|45|27.56~REF|6R|1692736350Z1~AMT|B6|146.44~CLP|6185-5724|1|149|120.02|3.17|MC|16050917732~NM1|QC|1|KULVENDER KAUR|BHATIA|KAUR|||MI|0003109363~NM1|74|1|BHATIA|KULVINDER~NM1|82|1|KETHA|SUMANA||||XX|1962447805~REF|CE|45786002000201~DTM|232|20160201~DTM|233|20160201~DTM|050|20160219~AMT|AU|145.83~SVC|HC^99395^25|145|120.02||1~DTM|472|20160201~CAS|CO|45|24.98~REF|6R|1692738508Z1~AMT|B6|120.02~SVC|HC^94760|4|0||1~DTM|472|20160201~CAS|CO|45|.83~CAS|PR|3|3.17~REF|6R|1692738508Z2~AMT|B6|3.17~CLP|6211-5733|1|159|131.1||MC|16050917733~NM1|QC|1|ATTEYAH|MAHER|A|||MI|0002918785~NM1|82|1|KETHA|SUMANA||||XX|1962447805~REF|CE|45786002000206~DTM|232|20160201~DTM|233|20160201~DTM|050|20160219~AMT|AU|159~SVC|HC^99396^25|155|127.93||1~DTM|472|20160201~CAS|CO|45|27.07~REF|6R|1692738510Z1~AMT|B6|127.93~SVC|HC^94760|4|3.17||1~DTM|472|20160201~CAS|CO|45|.83~REF|6R|1692738510Z2~AMT|B6|3.17~CLP|6209-5734|1|149|123.19||MC|16050917737~NM1|QC|1|ATTEYAH|REEM||||MI|0003433027~NM1|82|1|KETHA|SUMANA||||XX|1962447805~REF|CE|45786002000206~DTM|232|20160201~DTM|233|20160201~DTM|050|20160219~AMT|AU|149~SVC|HC^99395^25|145|120.02||1~DTM|472|20160201~CAS|CO|45|24.98~REF|6R|1692738511Z1~AMT|B6|120.02~SVC|HC^94760|4|3.17||1~DTM|472|20160201~CAS|CO|45|.83~REF|6R|1692738511Z2~AMT|B6|3.17~CLP|6200-5747|1|159|127.93|3.17|MC|16050917742~NM1|QC|1|SKEINS|CYNTHIA|ANN|||MI|0002956803~NM1|82|1|KETHA|SUMANA||||XX|1962447805~REF|CE|45786002000205~DTM|232|20160202~DTM|233|20160202~DTM|050|20160219~AMT|AU|155.83~SVC|HC^99396^25|155|127.93||1~DTM|472|20160202~CAS|CO|45|27.07~REF|6R|1692738513Z1~AMT|B6|127.93~SVC|HC^94760|4|0||1~DTM|472|20160202~CAS|CO|45|.83~CAS|PR|3|3.17~REF|6R|1692738513Z2~AMT|B6|3.17~CLP|6201-5748|1|149|120.02|3.17|MC|16050917746~NM1|QC|1|SKEINS|MARQUI|DJUAN|||MI|0002522480~NM1|82|1|KETHA|SUMANA||||XX|1962447805~REF|CE|45786002000205~DTM|232|20160202~DTM|233|20160202~DTM|050|20160219~AMT|AU|145.83~SVC|HC^99395^25|145|120.02||1~DTM|472|20160202~CAS|CO|45|24.98~REF|6R|1692738514Z1~AMT|B6|120.02~SVC|HC^94760|4|0||1~DTM|472|20160202~CAS|CO|45|.83~CAS|PR|3|3.17~REF|6R|1692738514Z2~AMT|B6|3.17~CLP|6209-5827|1|134|111.91||MC|16050917770~NM1|QC|1|ATTEYAH|REEM||||MI|0003433027~NM1|82|1|KETHA|SUMANA||||XX|1962447805~REF|CE|45786002000206~DTM|232|20160205~DTM|233|20160205~DTM|050|20160219~AMT|AU|134~SVC|HC^99214^25|130|108.74||1~DTM|472|20160205~CAS|CO|45|21.26~REF|6R|1692738520Z1~AMT|B6|108.74~SVC|HC^94760|4|3.17||1~DTM|472|20160205~CAS|CO|45|.83~REF|6R|1692738520Z2~AMT|B6|3.17~CLP|6247-5847|1|164|136.16||MC|16050917786~NM1|QC|1|JAIN|NISHA||||MI|0001982162~NM1|74|1||||||C|0002474676~NM1|82|1|KETHA|SUMANA||||XX|1962447805~REF|CE|45786002000206~DTM|232|20160205~DTM|233|20160205~DTM|050|20160219~AMT|AU|164~SVC|HC^99385^25|160|132.99||1~DTM|472|20160205~CAS|CO|45|27.01~REF|6R|1692738525Z1~AMT|B6|132.99~SVC|HC^94760|4|3.17||1~DTM|472|20160205~CAS|CO|45|.83~REF|6R|1692738525Z2~AMT|B6|3.17~SE|567|0001~ST|835|0002~BPR|H|0|C|NON||||||||||||20160222~TRN|1|CHKHST20073262|1201494502~REF|EV|FIS123456789~REF|F2|TXMC QNXT~DTM|405|20160222~N1|PR|MOLINA HEALTHCARE OF TEXAS, INC~N3|2505 N. STATE HIGHWAY 360|STE 300~N4|GRAND PRAIRIE|TX|75050~N1|PE|DFW PRIMARY CARE PLLC|XX|1063835361~N3|2925 SKYWAY CICLE NORTH~N4|IRVING|TX|750383510~REF|TJ|464596718~LX|1~CLP|5754-5294|1|134|0||MC|16050917406~NM1|QC|1|SMITH|MARY|A|||MI|513382826~NM1|82|1|KETHA|SUMANA||||XX|1962447805~REF|CE|TQMBPL6979~DTM|232|20160107~DTM|233|20160107~DTM|050|20160219~SVC|HC^99214^25|130|0||1~DTM|472|20160107~CAS|CO|A1|130~REF|6R|1692724617Z1~LQ|HE|N657~SVC|HC^94760|4|0||1~DTM|472|20160107~CAS|CO|A1|4~REF|6R|1692724617Z2~LQ|HE|N657~CLP|3040-5343|1|134|0||MC|16050917423~NM1|QC|1|ROBERTSON|SHARON|L|||MI|524114075~NM1|82|1|KETHA|SUMANA||||XX|1962447805~REF|CE|TQMBPL6979~DTM|232|20160108~DTM|233|20160108~DTM|050|20160219~SVC|HC^99214^25|130|0||1~DTM|472|20160108~CAS|CO|A1|130~REF|6R|1692724626Z1~LQ|HE|N657~SVC|HC^94760|4|0||1~DTM|472|20160108~CAS|CO|A1|4~REF|6R|1692724626Z2~LQ|HE|N657~CLP|1128-5390|1|134|0||MC|16050917434~NM1|QC|1|MARTINEZ|MARTIN||||MI|530608840~NM1|82|1|KETHA|SUMANA||||XX|1962447805~REF|CE|TQMBPL6979~DTM|232|20160111~DTM|233|20160111~DTM|050|20160219~SVC|HC^99214^25|130|0||1~DTM|472|20160111~CAS|CO|A1|130~REF|6R|1692724630Z1~LQ|HE|N657~SVC|HC^94760|4|0||1~DTM|472|20160111~CAS|CO|A1|4~REF|6R|1692724630Z2~LQ|HE|N657~CLP|6156-5400|1|134|0||MC|16050917439~NM1|QC|1|MCKENZIE|PAMELA|D|||MI|511007200~NM1|82|1|KETHA|SUMANA||||XX|1962447805~REF|CE|TQMBPL6979~DTM|232|20160111~DTM|233|20160111~DTM|050|20160219~SVC|HC^99214^25|130|0||1~DTM|472|20160111~CAS|CO|A1|130~REF|6R|1692724634Z1~LQ|HE|N657~SVC|HC^94760|4|0||1~DTM|472|20160111~CAS|CO|A1|4~REF|6R|1692724634Z2~LQ|HE|N657~CLP|3166-5473|1|130|0||MC|16050917479~NM1|QC|1|WOLTER|DEBORAH|K|||MI|530188360~NM1|82|1|KETHA|SUMANA||||XX|1962447805~REF|CE|TQMBPL6979~DTM|232|20160115~DTM|233|20160115~DTM|050|20160219~SVC|HC^99214|130|0||1~DTM|472|20160115~CAS|CO|A1|130~REF|6R|1692732712Z1~LQ|HE|N657~CLP|2016-5561|1|130|0||MC|16050917588~NM1|QC|1|GILHART|JOHN|C|||MI|530427610~NM1|82|1|KETHA|SUMANA||||XX|1962447805~REF|CE|TQMBPL6979~DTM|232|20160121~DTM|233|20160121~DTM|050|20160219~SVC|HC^99214|130|0||1~DTM|472|20160121~CAS|CO|A1|130~REF|6R|1692732727Z1~LQ|HE|N657~CLP|553-5604|1|134|0||MC|16050917618~NM1|QC|1|LARGE|BILLY|W|||MI|615579278~NM1|82|1|KETHA|SUMANA||||XX|1962447805~REF|CE|TQMBPL6979~DTM|232|20160122~DTM|233|20160122~DTM|050|20160219~SVC|HC^99214^25|130|0||1~DTM|472|20160122~CAS|CO|A1|130~REF|6R|1692732734Z1~LQ|HE|N657~SVC|HC^94760|4|0||1~DTM|472|20160122~CAS|CO|A1|4~REF|6R|1692732734Z2~LQ|HE|N657~CLP|1128-5632|1|174|0||MC|16050917690~NM1|QC|1|MARTINEZ|MARTIN||||MI|530608840~NM1|82|1|KETHA|SUMANA||||XX|1962447805~REF|CE|TQMBPL6979~DTM|232|20160125~DTM|233|20160125~DTM|050|20160219~SVC|HC^99215|174|0||1~DTM|472|20160125~CAS|CO|A1|174~REF|6R|1692736337Z1~LQ|HE|N657~CLP|3915-5641|1|344|0||MC|16050917694~NM1|QC|1|KINNEY|KAREN|L|||MI|512372992~NM1|82|1|KETHA|SUMANA||||XX|1962447805~REF|CE|TQMBPL6979~DTM|232|20160125~DTM|233|20160125~DTM|050|20160219~SVC|HC^99213^25|88|0||1~DTM|472|20160125~CAS|CO|A1|88~REF|6R|1692736338Z1~LQ|HE|N657~SVC|HC^94760|4|0||1~DTM|472|20160125~CAS|CO|A1|4~REF|6R|1692736338Z2~LQ|HE|N657~SVC|HC^95923|252|0||1~DTM|472|20160125~CAS|CO|A1|252~REF|6R|1692736338Z3~LQ|HE|N657~CLP|6235-5752|1|153|0||MC|16050917752~NM1|QC|1|LABBAY|SCHEHERAZADE|M|||MI|505467597~NM1|82|1|KETHA|SUMANA||||XX|1962447805~REF|CE|QMXBP7786~DTM|232|20160202~DTM|233|20160202~DTM|050|20160219~SVC|HC^99205^25|149|0||1~DTM|472|20160202~CAS|CO|A1|149~REF|6R|1692738515Z1~LQ|HE|N657~SVC|HC^94760|4|0||1~DTM|472|20160202~CAS|CO|A1|4~REF|6R|1692738515Z2~LQ|HE|N657~CLP|2733-5760|1|153|0||MC|16050917756~NM1|QC|1|ARBAIZA|MARIA|D|||MI|521288605~NM1|82|1|KETHA|SUMANA||||XX|1962447805~REF|CE|TQMBPL6978~DTM|232|20160202~DTM|233|20160202~DTM|050|20160219~SVC|HC^99205^25|149|0||1~DTM|472|20160202~CAS|CO|A1|149~REF|6R|1692738516Z1~LQ|HE|N657~SVC|HC^94760|4|0||1~DTM|472|20160202~CAS|CO|A1|4~REF|6R|1692738516Z2~LQ|HE|N657~CLP|3040-5841|1|134|0||MC|16050917781~NM1|QC|1|ROBERTSON|SHARON|L|||MI|524114075~NM1|82|1|KETHA|SUMANA||||XX|1962447805~REF|CE|TQMBPL6979~DTM|232|20160205~DTM|233|20160205~DTM|050|20160219~SVC|HC^99214^25|130|0||1~DTM|472|20160205~CAS|CO|A1|130~REF|6R|1692738524Z1~LQ|HE|N657~SVC|HC^94760|4|0||1~DTM|472|20160205~CAS|CO|A1|4~REF|6R|1692738524Z2~LQ|HE|N657~SE|209|0002~GE|2|1794~IEA|1|000001799~