ISA|00|          |00|          |ZZ|ZIRMED         |30|611340767      |160331|1021|U|00401|000001904|0|P|^~GS|HP|ZIRMED|611340767|20160331|1021|1899|X|004010X091A1~ST|835|0001~BPR|I|57.57|C|ACH|CCP|01|031100209|DA|0038865237|1066033492||01|111000025|DA|488038453432|20160404~TRN|1|160330160012039|1066033492~REF|EV|611340767~DTM|405|20160331~N1|PR|AETNA~N3|151 FARMINGTON AVENUE~N4|HARTFORD|CT|06156~N1|PE|KETHA, SUMANA|XX|1063835361~N3|2925 SKYWAY CIR N~N4|IRVING|TX|750383510~REF|PQ|762610840~REF|TJ|464596718~LX|1~TS3|1962447805|11|20161231|1|130~CLP|615-5905|1|130|57.57|50|HM|160317E192670000|11|1~NM1|QC|1|COOK|KEVIN||||MI|MEBHGTMK~NM1|82|2|KETHA, SUMANA|||||XX|1962447805~REF|1L|354054-158~REF|CE|HMO PREMIER NET 03214~DTM|232|20160215~DTM|233|20160215~DTM|050|20160317~PER|CX||TE|8006240756~AMT|AU|130~SVC|HC^99214|130|57.57||1~DTM|472|20160215~CAS|CO|253|1.17||45|21.26~CAS|PR|3|50~REF|6R|1719206697Z1~AMT|B6|108.74~LQ|HE|N59~SE|33|0001~GE|1|1899~IEA|1|000001904~