ISA|00|          |00|          |ZZ|ZIRMED         |29|E12705         |160126|0732|U|00401|000001743|0|P|^~GS|HP|ZIRMED|E12705|20160126|0732|1738|X|004010X091A1~ST|835|0001~BPR|I|1781.87|C|ACH|CCP|01|081517693|DA|152302017594|1205296137||01|111000025|DA|488038453432|20160126~TRN|1|892276136|1205296137~REF|EV|E12705~DTM|405|20160125~N1|PR|NOVITAS SOLUTIONS, INC.~N3|PO BOX 3110~N4|MECHANICSBURG|PA|170551826~REF|2U|04412~PER|CX||TE|8552528782~N1|PE|DFW GERIATRICS PLLC|XX|1063835361~N3|2925 SKYWAY CIRCLE NORTH~N4|IRVING|TX|750383510~REF|TJ|464596718~LX|1~CLP|377-5211|19|179|144.76||MB|2816012495180|11|1~NM1|QC|1|BROOKS|WALTER||||HN|433150139A~NM1|82|1||||||XX|1962447805~NM1|TT|2|TX HEALTH & HUMAN SERVICES COMMI|||||PI|70051~MOA|||MA01|MA07~DTM|050|20160112~SVC|HC^G0439^25|135|110.38||1~DTM|472|20151229~CAS|CO|45|22.37||253|2.25~REF|6R|1657893479Z1~REF|LU|11~AMT|B6|112.63~SVC|HC^G0444|22|17.19||1~DTM|472|20151229~CAS|CO|45|4.46||253|.35~REF|6R|1657893479Z2~REF|LU|11~AMT|B6|17.54~SVC|HC^G0442|22|17.19||1~DTM|472|20151229~CAS|CO|45|4.46||253|.35~REF|6R|1657893479Z3~REF|LU|11~AMT|B6|17.54~CLP|6160-5206|1|244|17.19|200|MB|2816012495150|11|1~NM1|QC|1|CEASAR|WILLIAM||||HN|455881441A~NM1|82|1||||||XX|1962447805~MOA|||MA01~DTM|050|20160112~SVC|HC^G0438^25|200|0||||1~DTM|472|20151229~CAS|PR|149|200~REF|6R|1657893474Z1~REF|LU|11~LQ|HE|N117~SVC|HC^G0444|22|0||||1~DTM|472|20151229~CAS|CO|B15|22~REF|6R|1657893474Z2~REF|LU|11~LQ|HE|M80~SVC|HC^G0442|22|17.19||1~DTM|472|20151229~CAS|CO|45|4.46||253|.35~REF|6R|1657893474Z3~REF|LU|11~AMT|B6|17.54~CLP|304-5199|1|179|144.76||MB|2816012495140|11|1~NM1|QC|1|CEPEDA|MARGIE||||HN|429762401A~NM1|82|1||||||XX|1962447805~MOA|||MA01~DTM|050|20160112~SVC|HC^G0439^25|135|110.38||1~DTM|472|20151228~CAS|CO|45|22.37||253|2.25~REF|6R|1657893473Z1~REF|LU|11~AMT|B6|112.63~SVC|HC^G0442|22|17.19||1~DTM|472|20151228~CAS|CO|45|4.46||253|.35~REF|6R|1657893473Z2~REF|LU|11~AMT|B6|17.54~SVC|HC^G0444|22|17.19||1~DTM|472|20151228~CAS|CO|45|4.46||253|.35~REF|6R|1657893473Z3~REF|LU|11~AMT|B6|17.54~CLP|303-5207|1|244|180.37||MB|2816012495160|11|1~NM1|QC|1|CHAMATHIL|VARGHESE||||HN|455714580T~NM1|82|1||||||XX|1962447805~MOA|||MA01|MA27~DTM|050|20160112~SVC|HC^G0438^25|200|163.18||1~DTM|472|20151229~CAS|CO|45|33.49||253|3.33~REF|6R|1657893475Z1~REF|LU|11~AMT|B6|166.51~SVC|HC^G0444|22|0||||1~DTM|472|20151229~CAS|CO|B15|22~REF|6R|1657893475Z2~REF|LU|11~LQ|HE|M80~SVC|HC^G0442|22|17.19||1~DTM|472|20151229~CAS|CO|45|4.46||253|.35~REF|6R|1657893475Z3~REF|LU|11~AMT|B6|17.54~CLP|319-5374|1|265|191.94|20.8|MB|2816012495190|11|1~NM1|QC|1|CORTEZ|EDWARD||||HN|449473304A~NM1|82|1||||||XX|1962447805~MOA|||MA01~DTM|050|20160112~SVC|HC^99214^25|130|81.56||1~DTM|472|20151026~CAS|CO|45|25.98||253|1.66~CAS|PR|2|20.8~REF|6R|1657895667Z1~REF|LU|11~AMT|B6|104.02~SVC|HC^G0439|135|110.38||1~DTM|472|20151026~CAS|CO|45|22.37||253|2.25~REF|6R|1657895667Z2~REF|LU|11~AMT|B6|112.63~CLP|319-5150|1|42|25.84|6.59|MB|2816012495210|11|1~NM1|QC|1|CORTEZ|EDWARD||||HN|449473304A~NM1|82|1||||||XX|1962447805~MOA|||MA01~DTM|050|20160112~SVC|HC^99211^25|24|15.11||1~DTM|472|20151221~CAS|CO|45|4.73||253|.31~CAS|PR|2|3.85~REF|6R|1657899690Z1~REF|LU|11~AMT|B6|19.27~SVC|HC^99406|18|10.73||1~DTM|472|20151221~CAS|CO|45|4.31||253|.22~CAS|PR|2|2.74~REF|6R|1657899690Z2~REF|LU|11~AMT|B6|13.69~SVC|HC^G8417|0|0||||1~DTM|472|20151221~REF|6R|1657899690Z3~REF|LU|11~LQ|HE|N620~SVC|HC^G8427|0|0||||1~DTM|472|20151221~REF|6R|1657899690Z4~REF|LU|11~LQ|HE|N620~SVC|HC^4004F|0|0||||1~DTM|472|20151221~REF|6R|1657899690Z5~REF|LU|11~LQ|HE|N620~SVC|HC^G8482|0|0||||1~DTM|472|20151221~REF|6R|1657899690Z6~REF|LU|11~LQ|HE|N620~CLP|6115-5198|1|179|144.76||MB|2816012495130|11|1~NM1|QC|1|GRAMES|HARRY||||HN|368382222A~NM1|82|1||||||XX|1962447805~MOA|||MA01~DTM|050|20160112~SVC|HC^G0439^25|135|110.38||1~DTM|472|20151228~CAS|CO|45|22.37||253|2.25~REF|6R|1657893472Z1~REF|LU|11~AMT|B6|112.63~SVC|HC^G0442|22|17.19||1~DTM|472|20151228~CAS|CO|45|4.46||253|.35~REF|6R|1657893472Z2~REF|LU|11~AMT|B6|17.54~SVC|HC^G0444|22|17.19||1~DTM|472|20151228~CAS|CO|45|4.46||253|.35~REF|6R|1657893472Z3~REF|LU|11~AMT|B6|17.54~CLP|380-5188|19|179|144.76||MB|2816012495090|11|1~NM1|QC|1|HAYNES|WILLIAM||||HN|455726510TA~NM1|82|1||||||XX|1962447805~NM1|TT|2|TX HEALTH & HUMAN SERVICES COMMI|||||PI|70051~MOA|||MA01|MA07~DTM|050|20160112~SVC|HC^G0439^25|135|110.38||1~DTM|472|20151228~CAS|CO|45|22.37||253|2.25~REF|6R|1657893468Z1~REF|LU|11~AMT|B6|112.63~SVC|HC^G0444|22|17.19||1~DTM|472|20151228~CAS|CO|45|4.46||253|.35~REF|6R|1657893468Z2~REF|LU|11~AMT|B6|17.54~SVC|HC^G0442|22|17.19||1~DTM|472|20151228~CAS|CO|45|4.46||253|.35~REF|6R|1657893468Z3~REF|LU|11~AMT|B6|17.54~SVC|HC^G8427|0|0||||1~DTM|472|20151228~REF|6R|1657893468Z4~REF|LU|11~LQ|HE|N620~CLP|408-4273|19|265|81.56|155.8|MB|2816012495200|11|1~NM1|QC|1|JOHNSON|LINDA||||HN|467634822M~NM1|82|1||||||XX|1962447805~NM1|TT|2|TX HEALTH & HUMAN SERVICES COMMI|||||PI|70051~MOA|||MA01|MA07~DTM|050|20160112~SVC|HC^99214^25|130|81.56||1~DTM|472|20151026~CAS|CO|45|25.98||253|1.66~CAS|PR|2|20.8~REF|6R|1657899165Z1~REF|LU|11~AMT|B6|104.02~SVC|HC^G0439|135|0||||1~DTM|472|20151026~CAS|PR|26|135~REF|6R|1657899165Z2~REF|LU|11~LQ|HE|N130~CLP|314-5159|1|24|15.11|3.85|MB|2816012495060|11|1~NM1|QC|1|PALMER|LARRY||||HN|382562993A~NM1|82|1||||||XX|1962447805~MOA|||MA01~DTM|050|20160112~SVC|HC^99211|24|15.11||1~DTM|472|20151221~CAS|CO|45|4.73||253|.31~CAS|PR|2|3.85~REF|6R|1657893462Z1~REF|LU|11~AMT|B6|19.27~CLP|314-5165|1|28|15.11|3.85|MB|2816012495070|11|1~NM1|QC|1|PALMER|LARRY||||HN|382562993A~NM1|82|1||||||XX|1962447805~MOA|||MA01~DTM|050|20160112~SVC|HC^99211^25|24|15.11||1~DTM|472|20151223~CAS|CO|45|4.73||253|.31~CAS|PR|2|3.85~REF|6R|1657893463Z1~REF|LU|11~AMT|B6|19.27~SVC|HC^94760|4|0||||1~DTM|472|20151223~CAS|CO|50|4~REF|6R|1657893463Z2~REF|LU|11~LQ|HE|M25~LQ|HE|N115~CLP|314-5186|1|28|15.11|3.85|MB|2816012495080|11|1~NM1|QC|1|PALMER|LARRY||||HN|382562993A~NM1|82|1||||||XX|1962447805~MOA|||MA01~DTM|050|20160112~SVC|HC^99211^25|24|15.11||1~DTM|472|20151228~CAS|CO|45|4.73||253|.31~CAS|PR|2|3.85~REF|6R|1657893467Z1~REF|LU|11~AMT|B6|19.27~SVC|HC^94760|4|0||||1~DTM|472|20151228~CAS|CO|50|4~REF|6R|1657893467Z2~REF|LU|11~LQ|HE|M25~LQ|HE|N115~SVC|HC^G8752|0|0||||1~DTM|472|20151228~REF|6R|1657893467Z3~REF|LU|11~LQ|HE|N620~SVC|HC^G8754|0|0||||1~DTM|472|20151228~REF|6R|1657893467Z4~REF|LU|11~LQ|HE|N620~SVC|HC^G8427|0|0||||1~DTM|472|20151228~REF|6R|1657893467Z5~REF|LU|11~LQ|HE|N620~CLP|314-5209|1|179|144.76||MB|2816012495170|11|1~NM1|QC|1|PALMER|LARRY||||HN|382562993A~NM1|82|1||||||XX|1962447805~MOA|||MA01~DTM|050|20160112~SVC|HC^G0439^25|135|110.38||1~DTM|472|20151229~CAS|CO|45|22.37||253|2.25~REF|6R|1657893477Z1~REF|LU|11~AMT|B6|112.63~SVC|HC^G0444|22|17.19||1~DTM|472|20151229~CAS|CO|45|4.46||253|.35~REF|6R|1657893477Z2~REF|LU|11~AMT|B6|17.54~SVC|HC^G0442|22|17.19||1~DTM|472|20151229~CAS|CO|45|4.46||253|.35~REF|6R|1657893477Z3~REF|LU|11~AMT|B6|17.54~CLP|310-5190|19|179|144.76||MB|2816012495110|11|1~NM1|QC|1|REED|LATOSHA||||HN|454497150A~NM1|82|1||||||XX|1962447805~NM1|TT|2|TX HEALTH & HUMAN SERVICES COMMI|||||PI|70051~MOA|||MA01|MA07~DTM|050|20160112~SVC|HC^G0439^25|135|110.38||1~DTM|472|20151228~CAS|CO|45|22.37||253|2.25~REF|6R|1657893470Z1~REF|LU|11~AMT|B6|112.63~SVC|HC^G0444|22|17.19||1~DTM|472|20151228~CAS|CO|45|4.46||253|.35~REF|6R|1657893470Z2~REF|LU|11~AMT|B6|17.54~SVC|HC^G0442|22|17.19||1~DTM|472|20151228~CAS|CO|45|4.46||253|.35~REF|6R|1657893470Z3~REF|LU|11~AMT|B6|17.54~SVC|HC^G8427|0|0||||1~DTM|472|20151228~REF|6R|1657893470Z4~REF|LU|11~LQ|HE|N620~CLP|6114-5189|19|179|144.76||MB|2816012495100|11|1~NM1|QC|1|ROBERTS|CAROL||||HN|452433604A~NM1|82|1||||||XX|1962447805~NM1|TT|2|TX HEALTH & HUMAN SERVICES COMMI|||||PI|70051~MOA|||MA01|MA07~DTM|050|20160112~SVC|HC^G0439^25|135|110.38||1~DTM|472|20151228~CAS|CO|45|22.37||253|2.25~REF|6R|1657893469Z1~REF|LU|11~AMT|B6|112.63~SVC|HC^G0444|22|17.19||1~DTM|472|20151228~CAS|CO|45|4.46||253|.35~REF|6R|1657893469Z2~REF|LU|11~AMT|B6|17.54~SVC|HC^G0442|22|17.19||1~DTM|472|20151228~CAS|CO|45|4.46||253|.35~REF|6R|1657893469Z3~REF|LU|11~AMT|B6|17.54~SVC|HC^G8427|0|0||||1~DTM|472|20151228~REF|6R|1657893469Z4~REF|LU|11~LQ|HE|N620~CLP|418-5192|1|179|144.76||MB|2816012495120|11|1~NM1|QC|1|TODD|MICHAEL|S|||HN|466453707A~NM1|82|1||||||XX|1962447805~MOA|||MA01~DTM|050|20160112~SVC|HC^G0439^25|135|110.38||1~DTM|472|20151228~CAS|CO|45|22.37||253|2.25~REF|6R|1657893471Z1~REF|LU|11~AMT|B6|112.63~SVC|HC^G0444|22|17.19||1~DTM|472|20151228~CAS|CO|45|4.46||253|.35~REF|6R|1657893471Z2~REF|LU|11~AMT|B6|17.54~SVC|HC^G0442|22|17.19||1~DTM|472|20151228~CAS|CO|45|4.46||253|.35~REF|6R|1657893471Z3~REF|LU|11~AMT|B6|17.54~SVC|HC^G8427|0|0||||1~DTM|472|20151228~REF|6R|1657893471Z4~REF|LU|11~LQ|HE|N620~CLP|317-4645|19|130|81.56|20.8|MB|2816012495050|11|1~NM1|QC|1|TWILLEY|EDWARD||||HN|458213375A~NM1|82|1||||||XX|1962447805~NM1|TT|2|TX HEALTH & HUMAN SERVICES COMMI|||||PI|70051~MOA|||MA01|MA07~DTM|050|20160112~SVC|HC^99214^25|130|81.56||1~DTM|472|20151201~CAS|CO|45|25.98||253|1.66~CAS|PR|2|20.8~REF|6R|1657893457Z1~REF|LU|11~AMT|B6|104.02~SVC|HC^G8417|0|0||||1~DTM|472|20151201~REF|6R|1657893457Z2~REF|LU|11~LQ|HE|N620~SVC|HC^G8427|0|0||||1~DTM|472|20151201~REF|6R|1657893457Z3~REF|LU|11~LQ|HE|N620~SE|434|0001~GE|1|1738~IEA|1|000001743~