ISA|00|          |00|          |ZZ|ZIRMED         |ZZ|11             |160408|1356|U|00401|000001940|0|P|^~GS|HP|ZIRMED|FIS123456789|20160408|1356|1935|X|004010X091A1~ST|835|0001~BPR|I|111.91|C|ACH|CCP|01|092904554|DA|150097034071|1201494502||01|111000025|DA|488038453432|20160407~TRN|1|EFT3321309|1201494502~REF|EV|FIS123456789~REF|F2|TXMC QNXT~DTM|405|20160406~N1|PR|MOLINA HEALTHCARE OF TEXAS, INC~N3|2505 N. STATE HIGHWAY 360|STE 300~N4|GRAND PRAIRIE|TX|75050~N1|PE|DFW PRIMARY CARE PLLC|XX|1063835361~N3|2925 SKYWAY CICLE NORTH~N4|IRVING|TX|750383510~REF|TJ|464596718~LX|1~CLP|6056-5772|1|134|111.91||MC|16091914644~NM1|QC|1|SANGER|SWARN||||MI|0002632149~NM1|82|1|KETHA|SUMANA||||XX|1962447805~REF|CE|45786002000206~DTM|232|20160202~DTM|233|20160202~DTM|050|20160331~AMT|AU|134~SVC|HC^99214^25|130|108.74||1~DTM|472|20160202~CAS|CO|45|21.26~REF|6R|1732391388Z1~AMT|B6|108.74~SVC|HC^94760|4|3.17||1~DTM|472|20160202~CAS|CO|45|.83~REF|6R|1732391388Z2~AMT|B6|3.17~SE|33|0001~GE|1|1935~IEA|1|000001940~