ISA|00|          |00|          |ZZ|ZIRMED         |ZZ|611358935      |160222|1829|U|00401|000001790|0|P|^~GS|HP|ZIRMED|611358935|20160222|1829|1785|X|004010X091A1~ST|835|0001~BPR|I|104.42|C|ACH|CCP|01|093702139|DA|0601849573|1591031071||01|111000025|DA|488038453432|20160224~TRN|1|160220090030614|1591031071|62308~REF|EV|133052274~REF|F2|1~DTM|405|20160221~N1|PR|CIGNA HEALTH AND LIFE INSURANCE COMPANY~N3|P. O. BOX 182223~N4|CHATTANOOGA|TN|374227223~REF|2U|62308~N1|PE|DFW GERIATRICS PLLC|XX|1063835361~N3|2925 SKYWAY N CIR~N4|IRVING|TX|750383510~REF|TJ|464596718~LX|1~TS3|1063835361|01|20161231|1|130~CLP|2329-5500|1|130|104.42|11.6|13|8651605094099|22|1~NM1|QC|1|JOSHI|RACHANA||||MI|U4457539701~NM1|82|1|KETHA|SUMANA|D|||XX|1962447805~REF|1L|3174696~REF|CE|OPEN ACCESS PLUS~DTM|050|20160219~DTM|232|20160115~DTM|233|20160115~PER|CX|MEMBER SERVICES|TE|8002446224~AMT|AU|116.02~SVC|HC^99214|130|104.42||1~CAS|CO|45|13.98~CAS|PR|2|11.6~REF|6R|1692732717Z1~AMT|B6|116.02~SE|32|0001~GE|1|1785~IEA|1|000001790~