ISA|00|          |00|          |ZZ|ZIRMED         |29|E12705         |160112|0503|U|00401|000002811|0|P|^~GS|HP|ZIRMED|E12705|20160112|0503|2808|X|004010X091A1~ST|835|0001~BPR|H|0|C|NON||||||||||||20160112~TRN|1|460275663|1205296137~REF|EV|E12705~DTM|405|20160111~N1|PR|NOVITAS SOLUTIONS, INC.~N3|PO BOX 3110~N4|MECHANICSBURG|PA|170551826~REF|2U|04412~PER|CX||TE|8552528782~N1|PE|TEXAS PHYS HOUSE CALLS PLLC|XX|1124441423~N3|2925 SKYWAY CIRCLE NORTH~N4|IRVING|TX|750383510~REF|TJ|464596181~LX|1~CLP|6061-9724|1|3.16|0||MB|2816008129792|12|1~NM1|QC|1|CLEWIS|MYRTLE||||HN|450366832D6~NM1|82|1||||||XX|1952728636~MOA|||MA130|MA15~DTM|050|20160108~SVC|HC^94760|3.16|0||||1~DTM|472|20151229~CAS|CO|16|3.16~REF|6R|1654585371Z2~REF|LU|12~LQ|HE|MA130~LQ|HE|N265~LQ|HE|N276~LQ|HE|N286~CLP|6056-9586|1|3.16|0||MB|2816008129752|12|1~NM1|QC|1|FLOYD|DELOIS||||HN|462213643A~NM1|82|1||||||XX|1952728636~MOA|||MA130|MA15~DTM|050|20160108~SVC|HC^94760|3.16|0||||1~DTM|472|20151222~CAS|CO|16|3.16~REF|6R|1654585358Z2~REF|LU|12~LQ|HE|MA130~LQ|HE|N265~LQ|HE|N276~LQ|HE|N286~CLP|5590-9598|1|3.16|0||MB|2816008129762|12|1~NM1|QC|1|JOHNSON|CHARLES||||HN|456294926A~NM1|82|1||||||XX|1952728636~MOA|||MA130|MA15~DTM|050|20160108~SVC|HC^94760|3.16|0||||1~DTM|472|20151222~CAS|CO|16|3.16~REF|6R|1654585359Z2~REF|LU|12~LQ|HE|MA130~LQ|HE|N265~LQ|HE|N276~LQ|HE|N286~CLP|5599-9641|1|3.16|0||MB|2816008129782|14|1~NM1|QC|1|MATHIS|BENARD||||HN|463453567A~NM1|82|1||||||XX|1952728636~MOA|||MA130|MA15~DTM|050|20160108~SVC|HC^94760|3.16|0||||1~DTM|472|20151223~CAS|CO|16|3.16~REF|6R|1654585368Z2~REF|LU|14~LQ|HE|MA130~LQ|HE|N265~LQ|HE|N276~LQ|HE|N286~CLP|6023-9772|1|3.16|0||MB|2816008129812|12|1~NM1|QC|1|REED|BABY||||HN|460908047M~NM1|82|1||||||XX|1952728636~MOA|||MA130|MA15~DTM|050|20160108~SVC|HC^94760|3.16|0||||1~DTM|472|20151230~CAS|CO|16|3.16~REF|6R|1654585382Z2~REF|LU|12~LQ|HE|MA130~LQ|HE|N265~LQ|HE|N276~LQ|HE|N286~CLP|5943-9778|1|3.16|0||MB|2816008129822|12|1~NM1|QC|1|SYKES|BENJAMIN||||HN|569443546A~NM1|82|1||||||XX|1952728636~MOA|||MA130|MA15~DTM|050|20160108~SVC|HC^94760|3.16|0||||1~DTM|472|20151230~CAS|CO|16|3.16~REF|6R|1654585386Z2~REF|LU|12~LQ|HE|MA130~LQ|HE|N265~LQ|HE|N276~LQ|HE|N286~CLP|1234-9599|1|3.16|0||MB|2816008129772|12|1~NM1|QC|1|WILSON|CONNIE||||HN|462561011C5~NM1|82|1||||||XX|1952728636~MOA|||MA130|MA15~DTM|050|20160108~SVC|HC^94760|3.16|0||||1~DTM|472|20151222~CAS|CO|16|3.16~REF|6R|1654585360Z2~REF|LU|12~LQ|HE|MA130~LQ|HE|N265~LQ|HE|N276~LQ|HE|N286~CLP|5947-9417|1|47|0||MB|2815355868610|11|1~NM1|QC|1|WOMACK|CHRISTI||||HN|466294148A~NM1|82|1||||||XX|1962447805~MOA|||MA01~DTM|050|20151221~SVC|HC^G0179|47|0||||1~DTM|472|20151107~CAS|CO|109|47~REF|6R|1639325776Z1~REF|LU|11~CLP|5213-9733|1|3.16|0||MB|2816008129802|12|1~NM1|QC|1|YOUNG|WILLIE||||HN|461666426A~NM1|82|1||||||XX|1952728636~MOA|||MA130|MA15~DTM|050|20160108~SVC|HC^94760|3.16|0||||1~DTM|472|20151229~CAS|CO|16|3.16~REF|6R|1654585381Z2~REF|LU|12~LQ|HE|MA130~LQ|HE|N265~LQ|HE|N276~LQ|HE|N286~SE|138|0001~ST|835|0002~BPR|I|4891.53|C|ACH|CCP|01|081517693|DA|152302017594|1205296137||01|111000025|DA|488038453322|20160112~TRN|1|892179402|1205296137~REF|EV|E12705~DTM|405|20160111~N1|PR|NOVITAS SOLUTIONS, INC.~N3|PO BOX 3110~N4|MECHANICSBURG|PA|170551826~REF|2U|04412~PER|CX||TE|8552528782~N1|PE|TEXAS PHYS HOUSE CALLS PLLC|XX|1124441423~N3|2925 SKYWAY CIRCLE NORTH~N4|IRVING|TX|750383510~REF|TJ|464596181~LX|1~CLP|1061-7712|19|124|72.96|18.61|MB|2815363813340|11|1~NM1|QC|1|ANTHONY|MICHELLE||||HN|595035649A~NM1|82|1||||||XX|1952728636~NM1|TT|2|WPS - TRICARE FOR LIFE|||||PI|60000~MOA|||MA01|MA18~DTM|050|20151229~SVC|HC^G0181|124|72.96||1~DTM|472|20151031~CAS|CO|45|30.94||253|1.49~CAS|PR|2|18.61~REF|6R|1646331250Z1~REF|LU|11~AMT|B6|93.06~CLP|1287-8414|19|124|72.96|18.61|MB|2815363812420|11|1~NM1|QC|1|BENSON|CATHY|A|||HN|464025772A~NM1|82|1||||||XX|1609272905~NM1|TT|2|TX HEALTH & HUMAN SERVICES COMMI|||||PI|70051~MOA|||MA01|MA07~DTM|050|20151229~SVC|HC^G0181|124|72.96||1~DTM|472|20151031~CAS|CO|45|30.94||253|1.49~CAS|PR|2|18.61~REF|6R|1646126624Z1~REF|LU|11~AMT|B6|93.06~CLP|3894-7868|19|124|72.96|18.61|MB|2815363813460|11|1~NM1|QC|1|BIRT|GREGORY||||HN|316829845A~NM1|82|1||||||XX|1952728636~NM1|TT|2|TX HEALTH & HUMAN SERVICES COMMI|||||PI|70051~MOA|||MA01|MA07~DTM|050|20151229~SVC|HC^G0181|124|72.96||1~DTM|472|20151031~CAS|CO|45|30.94||253|1.49~CAS|PR|2|18.61~REF|6R|1646331267Z1~REF|LU|11~AMT|B6|93.06~CLP|1783-9385|1|124|72.96|18.61|MB|2815363812740|11|1~NM1|QC|1|BLEDSOE|DON||||HN|448668380A~NM1|82|1||||||XX|1609272905~MOA|||MA01~DTM|050|20151229~SVC|HC^G0181|124|72.96||1~DTM|472|20151031~CAS|CO|45|30.94||253|1.49~CAS|PR|2|18.61~REF|6R|1646126641Z1~REF|LU|11~AMT|B6|93.06~CLP|2050-7890|1|124|85.83|21.9|MB|2815363813540|11|1~NM1|QC|1|BROWN|ANNIE||||HN|462727063D~NM1|82|1||||||XX|1962447805~MOA|||MA01~DTM|050|20151229~SVC|HC^G0181|124|85.83||1~DTM|472|20151031~CAS|CO|45|14.52||253|1.75~CAS|PR|2|21.9~REF|6R|1646331275Z1~REF|LU|11~AMT|B6|109.48~CLP|5979-8899|19|124|72.96|18.61|MB|2815363813640|11|1~NM1|QC|1|BROWN|BILLY||||HN|455040140A~NM1|82|1||||||XX|1609272905~NM1|TT|2|TX HEALTH & HUMAN SERVICES COMMI|||||PI|70051~MOA|||MA01|MA07~DTM|050|20151229~SVC|HC^G0181|124|72.96||1~DTM|472|20151031~CAS|CO|45|30.94||253|1.49~CAS|PR|2|18.61~REF|6R|1646331293Z1~REF|LU|11~AMT|B6|93.06~CLP|5987-8188|19|124|72.96|18.61|MB|2815363813630|11|1~NM1|QC|1|CLEWIS|ZULA||||HN|449403608A~NM1|82|1||||||XX|1609272905~NM1|TT|2|AETNA, INC.|||||PI|00060~MOA|||MA01|MA18~DTM|050|20151229~SVC|HC^G0181|124|72.96||1~DTM|472|20151031~CAS|CO|45|30.94||253|1.49~CAS|PR|2|18.61~REF|6R|1646331289Z1~REF|LU|11~AMT|B6|93.06~CLP|1702-9393|1|124|72.96|18.61|MB|2815363812780|11|1~NM1|QC|1|CONSTANCIO|ROSA||||HN|460382151A~NM1|82|1||||||XX|1609272905~MOA|||MA01~DTM|050|20151229~SVC|HC^G0181|124|72.96||1~DTM|472|20151031~CAS|CO|45|30.94||253|1.49~CAS|PR|2|18.61~REF|6R|1646126645Z1~REF|LU|11~AMT|B6|93.06~CLP|1481-8776|19|124|72.96|18.61|MB|2815363812560|11|1~NM1|QC|1|COOKS|ADRAMNAN||||HN|464700415A~NM1|82|1||||||XX|1609272905~NM1|TT|2|TX HEALTH & HUMAN SERVICES COMMI|||||PI|70051~MOA|||MA01|MA07~DTM|050|20151229~SVC|HC^G0181|124|72.96||1~DTM|472|20151031~CAS|CO|45|30.94||253|1.49~CAS|PR|2|18.61~REF|6R|1646126631Z1~REF|LU|11~AMT|B6|93.06~CLP|511-8438|1|124|72.96|18.61|MB|2815363812440|11|1~NM1|QC|1|DECKARD|JOHN|W|||HN|450344634A~NM1|82|1||||||XX|1609272905~MOA|||MA01~DTM|050|20151229~SVC|HC^G0181|124|72.96||1~DTM|472|20151031~CAS|CO|45|30.94||253|1.49~CAS|PR|2|18.61~REF|6R|1646126625Z1~REF|LU|11~AMT|B6|93.06~CLP|5381-8294|19|124|72.96|18.61|MB|2815363812380|11|1~NM1|QC|1|DORSEY|ENIX||||HN|462422722A~NM1|82|1||||||XX|1609272905~NM1|TT|2|TX HEALTH & HUMAN SERVICES COMMI|||||PI|70051~MOA|||MA01|MA07~DTM|050|20151229~SVC|HC^G0181|124|72.96||1~DTM|472|20151031~CAS|CO|45|30.94||253|1.49~CAS|PR|2|18.61~REF|6R|1646126622Z1~REF|LU|11~AMT|B6|93.06~CLP|2924-9611|19|124|72.96|18.61|MB|2815363813110|11|1~NM1|QC|1|DRAPER|CHARLESET||||HN|464279993A~NM1|82|1||||||XX|1952728636~NM1|TT|2|TX HEALTH & HUMAN SERVICES COMMI|||||PI|70051~MOA|||MA01|MA07~DTM|050|20151229~SVC|HC^G0181|124|72.96||1~DTM|472|20151031~CAS|CO|45|30.94||253|1.49~CAS|PR|2|18.61~REF|6R|1646135440Z1~REF|LU|11~AMT|B6|93.06~CLP|6019-8154|19|253|149.16|38.05|MB|2815363323610|12|1~NM1|QC|1|EVANS|MAE||||HN|458589218B6~NM1|82|1||||||XX|1609272905~NM1|TT|2|TX HEALTH & HUMAN SERVICES COMMI|||||PI|70051~MOA|||MA01|MA07~DTM|050|20151229~SVC|HC^99345^25|253|149.16||1~DTM|472|20151001~CAS|CO|45|62.75||253|3.04~CAS|PR|2|38.05~REF|6R|1645816026Z1~REF|LU|12~AMT|B6|190.25~SVC|HC^G8427|0|0||||1~DTM|472|20151001~REF|6R|1645816026Z2~REF|LU|12~LQ|HE|N620~CLP|6019-8339|19|124|72.96|18.61|MB|2815363812400|11|1~NM1|QC|1|EVANS|MAE||||HN|458589218B6~NM1|82|1||||||XX|1609272905~NM1|TT|2|TX HEALTH & HUMAN SERVICES COMMI|||||PI|70051~MOA|||MA01|MA07~DTM|050|20151229~SVC|HC^G0181|124|72.96||1~DTM|472|20151031~CAS|CO|45|30.94||253|1.49~CAS|PR|2|18.61~REF|6R|1646126623Z1~REF|LU|11~AMT|B6|93.06~CLP|954-7817|1|124|85.83|21.9|MB|2815363813430|11|1~NM1|QC|1|GONZALEZ|MARIA||||HN|451685792D~NM1|82|1||||||XX|1962447805~MOA|||MA01~DTM|050|20151229~SVC|HC^G0181|124|85.83||1~DTM|472|20151031~CAS|CO|45|14.52||253|1.75~CAS|PR|2|21.9~REF|6R|1646331261Z1~REF|LU|11~AMT|B6|109.48~CLP|5859-8781|1|124|72.96|18.61|MB|2815363812590|11|1~NM1|QC|1|GOSSETT|GREGORY||||HN|458130091A~NM1|82|1||||||XX|1609272905~MOA|||MA01~DTM|050|20151229~SVC|HC^G0181|124|72.96||1~DTM|472|20151031~CAS|CO|45|30.94||253|1.49~CAS|PR|2|18.61~REF|6R|1646126632Z1~REF|LU|11~AMT|B6|93.06~CLP|5458-7880|1|124|72.96|18.61|MB|2815363813520|11|1~NM1|QC|1|GOVAN|WILLIE||||HN|462769928A~NM1|82|1||||||XX|1952728636~MOA|||MA01~DTM|050|20151229~SVC|HC^G0181|124|72.96||1~DTM|472|20151031~CAS|CO|45|30.94||253|1.49~CAS|PR|2|18.61~REF|6R|1646331272Z1~REF|LU|11~AMT|B6|93.06~CLP|5952-8180|1|124|85.83|21.9|MB|2815363813610|11|1~NM1|QC|1|GRAMES|HARRY||||HN|368382222A~NM1|82|1||||||XX|1962447805~MOA|||MA01~DTM|050|20151229~SVC|HC^G0181|124|85.83||1~DTM|472|20151031~CAS|CO|45|14.52||253|1.75~CAS|PR|2|21.9~REF|6R|1646331287Z1~REF|LU|11~AMT|B6|109.48~CLP|5945-8663|1|124|72.96|18.61|MB|2815363812480|11|1~NM1|QC|1|GREEN|BERTHA||||HN|452929033A~NM1|82|1||||||XX|1609272905~MOA|||MA01~DTM|050|20151229~SVC|HC^G0181|124|72.96||1~DTM|472|20151031~CAS|CO|45|30.94||253|1.49~CAS|PR|2|18.61~REF|6R|1646126627Z1~REF|LU|11~AMT|B6|93.06~CLP|5907-7758|19|124|72.96|18.61|MB|2815363813370|11|1~NM1|QC|1|GREEN|CEDRIC||||HN|461722597C1~NM1|82|1||||||XX|1952728636~NM1|TT|2|TX HEALTH & HUMAN SERVICES COMMI|||||PI|70051~MOA|||MA01|MA07~DTM|050|20151229~SVC|HC^G0181|124|72.96||1~DTM|472|20151031~CAS|CO|45|30.94||253|1.49~CAS|PR|2|18.61~REF|6R|1646331255Z1~REF|LU|11~AMT|B6|93.06~CLP|3685-8740|19|124|72.96|18.61|MB|2815363812540|11|1~NM1|QC|1|GRIFFIN|KEITH||||HN|467642932C4~NM1|82|1||||||XX|1609272905~NM1|TT|2|TX HEALTH & HUMAN SERVICES COMMI|||||PI|70051~MOA|||MA01|MA07~DTM|050|20151229~SVC|HC^G0181|124|72.96||1~DTM|472|20151031~CAS|CO|45|30.94||253|1.49~CAS|PR|2|18.61~REF|6R|1646126629Z1~REF|LU|11~AMT|B6|93.06~CLP|1567-9010|19|124|72.96|18.61|MB|2815363813220|11|1~NM1|QC|1|HAMILTON|BARBARA||||HN|456642625A~NM1|82|1||||||XX|1205107273~NM1|TT|2|TX HEALTH & HUMAN SERVICES COMMI|||||PI|70051~MOA|||MA01|MA07~DTM|050|20151229~SVC|HC^G0181|124|72.96||1~DTM|472|20151031~CAS|CO|45|30.94||253|1.49~CAS|PR|2|18.61~REF|6R|1646139179Z1~REF|LU|11~AMT|B6|93.06~CLP|5932-9022|19|124|72.96|18.61|MB|2815363813030|11|1~NM1|QC|1|HANKS|ROYLENE||||HN|459845711A~NM1|82|1||||||XX|1952728636~NM1|TT|2|UNITEDHEALTH GROUP|||||PI|30002~MOA|||MA01|MA18~DTM|050|20151229~SVC|HC^G0181|124|72.96||1~DTM|472|20151031~CAS|CO|45|30.94||253|1.49~CAS|PR|2|18.61~REF|6R|1646135435Z1~REF|LU|11~AMT|B6|93.06~CLP|978-8860|19|124|85.83|21.9|MB|2815363812940|11|1~NM1|QC|1|HARBOUR|CHARLES||||HN|464114296A~NM1|82|1||||||XX|1962447805~NM1|TT|2|TX HEALTH & HUMAN SERVICES COMMI|||||PI|70051~MOA|||MA01|MA07~DTM|050|20151229~SVC|HC^G0181|124|85.83||1~DTM|472|20151031~CAS|CO|45|14.52||253|1.75~CAS|PR|2|21.9~REF|6R|1646135431Z1~REF|LU|11~AMT|B6|109.48~CLP|2988-9331|19|124|72.96|18.61|MB|2815363813300|11|1~NM1|QC|1|HARGIS|VIRGINA|R|||HN|311209792D~NM1|82|1||||||XX|1205107273~NM1|TT|2|AMERICAN REPUBLIC/ENTERPRISE|||||PI|30176~MOA|||MA01|MA18~DTM|050|20151229~SVC|HC^G0181|124|72.96||1~DTM|472|20151031~CAS|CO|45|30.94||253|1.49~CAS|PR|2|18.61~REF|6R|1646139193Z1~REF|LU|11~AMT|B6|93.06~CLP|6003-9317|1|124|72.96|18.61|MB|2815363812720|11|1~NM1|QC|1|HAZZARD|DANIEL||||HN|315601901C3~NM1|82|1||||||XX|1609272905~MOA|||MA01~DTM|050|20151229~SVC|HC^G0181|124|72.96||1~DTM|472|20151031~CAS|CO|45|30.94||253|1.49~CAS|PR|2|18.61~REF|6R|1646126640Z1~REF|LU|11~AMT|B6|93.06~CLP|5944-7716|19|124|72.96|18.61|MB|2815363813360|11|1~NM1|QC|1|HEROD|ARTHUR||||HN|450212966A~NM1|82|1||||||XX|1952728636~NM1|TT|2|TX HEALTH & HUMAN SERVICES COMMI|||||PI|70051~MOA|||MA01|MA07~DTM|050|20151229~SVC|HC^G0181|124|72.96||1~DTM|472|20151031~CAS|CO|45|30.94||253|1.49~CAS|PR|2|18.61~REF|6R|1646331253Z1~REF|LU|11~AMT|B6|93.06~CLP|5855-8923|1|124|72.96|18.61|MB|2815363812640|11|1~NM1|QC|1|HOFFMANN|JERRY||||HN|452528349A~NM1|82|1||||||XX|1609272905~MOA|||MA01~DTM|050|20151229~SVC|HC^G0181|124|72.96||1~DTM|472|20151031~CAS|CO|45|30.94||253|1.49~CAS|PR|2|18.61~REF|6R|1646126636Z1~REF|LU|11~AMT|B6|93.06~CLP|2534-8937|19|124|72.96|18.61|MB|2815363813660|11|1~NM1|QC|1|HUNGER|LANELL||||HN|449909823A~NM1|82|1||||||XX|1205107273~NM1|TT|2|TX HEALTH & HUMAN SERVICES COMMI|||||PI|70051~MOA|||MA01|MA07~DTM|050|20151229~SVC|HC^G0181|124|72.96||1~DTM|472|20151031~CAS|CO|45|30.94||253|1.49~CAS|PR|2|18.61~REF|6R|1646331295Z1~REF|LU|11~AMT|B6|93.06~CLP|5457-8733|1|124|72.96|18.61|MB|2815363812880|11|1~NM1|QC|1|IVY|KENNETH||||HN|426865755A~NM1|82|1||||||XX|1952728636~MOA|||MA01~DTM|050|20151229~SVC|HC^G0181|124|72.96||1~DTM|472|20151031~CAS|CO|45|30.94||253|1.49~CAS|PR|2|18.61~REF|6R|1646135427Z1~REF|LU|11~AMT|B6|93.06~CLP|5456-7872|19|124|72.96|18.61|MB|2815363813480|11|1~NM1|QC|1|JOHNSON|CLIFFORD||||HN|451490941A~NM1|82|1||||||XX|1952728636~NM1|TT|2|TX HEALTH & HUMAN SERVICES COMMI|||||PI|70051~MOA|||MA01|MA07~DTM|050|20151229~SVC|HC^G0181|124|72.96||1~DTM|472|20151031~CAS|CO|45|30.94||253|1.49~CAS|PR|2|18.61~REF|6R|1646331269Z1~REF|LU|11~AMT|B6|93.06~CLP|5518-8235|19|204|119.84|30.57|MB|2815363323600|12|1~NM1|QC|1|JOHNSONJR|LORNELL||||HN|467318898A~NM1|82|1||||||XX|1609272905~NM1|TT|2|TX HEALTH & HUMAN SERVICES COMMI|||||PI|70051~MOA|||MA01|MA07~DTM|050|20151229~SVC|HC^99350|204|119.84||1~DTM|472|20151012~CAS|CO|45|51.14||253|2.45~CAS|PR|2|30.57~REF|6R|1645814875Z1~REF|LU|12~AMT|B6|152.86~CLP|3632-8129|19|124|72.96|18.61|MB|2815363813580|11|1~NM1|QC|1|KHAN|SARAH||||HN|454374506W~NM1|82|1||||||XX|1609272905~NM1|TT|2|TX HEALTH & HUMAN SERVICES COMMI|||||PI|70051~MOA|||MA01|MA07~DTM|050|20151229~SVC|HC^G0181|124|72.96||1~DTM|472|20151031~CAS|CO|45|30.94||253|1.49~CAS|PR|2|18.61~REF|6R|1646331281Z1~REF|LU|11~AMT|B6|93.06~CLP|977-8770|19|124|85.83|21.9|MB|2815363812900|11|1~NM1|QC|1|KIENITZ|DALE||||HN|451115664A~NM1|82|1||||||XX|1962447805~NM1|TT|2|TX HEALTH & HUMAN SERVICES COMMI|||||PI|70051~MOA|||MA01|MA07~DTM|050|20151229~SVC|HC^G0181|124|85.83||1~DTM|472|20151031~CAS|CO|45|14.52||253|1.75~CAS|PR|2|21.9~REF|6R|1646135428Z1~REF|LU|11~AMT|B6|109.48~CLP|4995-9295|19|124|72.96|18.61|MB|2815363813290|11|1~NM1|QC|1|LLOYD|MARGARET||||HN|466132017T~NM1|82|1||||||XX|1205107273~NM1|TT|2|TX HEALTH & HUMAN SERVICES COMMI|||||PI|70051~MOA|||MA01|MA07~DTM|050|20151229~SVC|HC^G0181|124|72.96||1~DTM|472|20151031~CAS|CO|45|30.94||253|1.49~CAS|PR|2|18.61~REF|6R|1646139190Z1~REF|LU|11~AMT|B6|93.06~CLP|1245-8805|19|124|72.96|18.61|MB|2815363812920|11|1~NM1|QC|1|LUNA|GUADALUPE||||HN|457042557A~NM1|82|1||||||XX|1952728636~NM1|TT|2|TX HEALTH & HUMAN SERVICES COMMI|||||PI|70051~MOA|||MA01|MA07~DTM|050|20151229~SVC|HC^G0181|124|72.96||1~DTM|472|20151031~CAS|CO|45|30.94||253|1.49~CAS|PR|2|18.61~REF|6R|1646135430Z1~REF|LU|11~AMT|B6|93.06~CLP|5728-8683|19|124|72.96|18.61|MB|2815363812820|11|1~NM1|QC|1|MAHAFFEY|ANNETTE||||HN|568847659A~NM1|82|1||||||XX|1952728636~NM1|TT|2|TX HEALTH & HUMAN SERVICES COMMI|||||PI|70051~MOA|||MA01|MA07~DTM|050|20151229~SVC|HC^G0181|124|72.96||1~DTM|472|20151031~CAS|CO|45|30.94||253|1.49~CAS|PR|2|18.61~REF|6R|1646135424Z1~REF|LU|11~AMT|B6|93.06~CLP|5996-9050|1|124|72.96|18.61|MB|2815363813240|11|1~NM1|QC|1|MARTIN|ORSSIE||||HN|449325947A~NM1|82|1||||||XX|1205107273~MOA|||MA01~DTM|050|20151229~SVC|HC^G0181|124|72.96||1~DTM|472|20151031~CAS|CO|45|30.94||253|1.49~CAS|PR|2|18.61~REF|6R|1646139181Z1~REF|LU|11~AMT|B6|93.06~CLP|930-9388|1|124|72.96|18.61|MB|2815363812760|11|1~NM1|QC|1|MATHAI|THOMAS||||HN|483069000B1~NM1|82|1||||||XX|1609272905~MOA|||MA01~DTM|050|20151229~SVC|HC^G0181|124|72.96||1~DTM|472|20151031~CAS|CO|45|30.94||253|1.49~CAS|PR|2|18.61~REF|6R|1646126642Z1~REF|LU|11~AMT|B6|93.06~CLP|5599-8920|1|124|72.96|18.61|MB|2815363812960|11|1~NM1|QC|1|MATHIS|BENARD||||HN|463453567A~NM1|82|1||||||XX|1952728636~MOA|||MA01~DTM|050|20151229~SVC|HC^G0181|124|72.96||1~DTM|472|20151031~CAS|CO|45|30.94||253|1.49~CAS|PR|2|18.61~REF|6R|1646135432Z1~REF|LU|11~AMT|B6|93.06~CLP|5928-8535|19|124|85.83|21.9|MB|2815363813180|11|1~NM1|QC|1|MCVICKER|JAMES||||HN|455469000A~NM1|82|1||||||XX|1962447805~NM1|TT|2|UNITEDHEALTH GROUP|||||PI|30002~MOA|||MA01|MA18~DTM|050|20151229~SVC|HC^G0181|124|85.83||1~DTM|472|20151031~CAS|CO|45|14.52||253|1.75~CAS|PR|2|21.9~REF|6R|1646139171Z1~REF|LU|11~AMT|B6|109.48~CLP|5982-8424|1|124|85.83|21.9|MB|2815363812800|11|1~NM1|QC|1|PITMAN|WANDA||||HN|452401970B~NM1|82|1||||||XX|1962447805~MOA|||MA01~DTM|050|20151229~SVC|HC^G0181|124|85.83||1~DTM|472|20151031~CAS|CO|45|14.52||253|1.75~CAS|PR|2|21.9~REF|6R|1646135423Z1~REF|LU|11~AMT|B6|109.48~CLP|3393-9009|19|124|72.96|18.61|MB|2815363813010|11|1~NM1|QC|1|POWELL|MARIE||||HN|440502045A~NM1|82|1||||||XX|1952728636~NM1|TT|2|WPS - TRICARE FOR LIFE|||||PI|60000~MOA|||MA01|MA18~DTM|050|20151229~SVC|HC^G0181|124|72.96||1~DTM|472|20151031~CAS|CO|45|30.94||253|1.49~CAS|PR|2|18.61~REF|6R|1646135434Z1~REF|LU|11~AMT|B6|93.06~CLP|5667-9215|19|124|85.83|21.9|MB|2815363813090|11|1~NM1|QC|1|REED|JAMES||||HN|449418606A~NM1|82|1||||||XX|1962447805~NM1|TT|2|TX HEALTH & HUMAN SERVICES COMMI|||||PI|70051~MOA|||MA01|MA07~DTM|050|20151229~SVC|HC^G0181|124|85.83||1~DTM|472|20151031~CAS|CO|45|14.52||253|1.75~CAS|PR|2|21.9~REF|6R|1646135439Z1~REF|LU|11~AMT|B6|109.48~CLP|3127-8112|19|124|72.96|18.61|MB|2815363813560|11|1~NM1|QC|1|RICHARDSON|R||||HN|458807342M~NM1|82|1||||||XX|1609272905~NM1|TT|2|TX HEALTH & HUMAN SERVICES COMMI|||||PI|70051~MOA|||MA01|MA07~DTM|050|20151229~SVC|HC^G0181|124|72.96||1~DTM|472|20151031~CAS|CO|45|30.94||253|1.49~CAS|PR|2|18.61~REF|6R|1646331279Z1~REF|LU|11~AMT|B6|93.06~CLP|5948-7865|19|124|85.83|21.9|MB|2815363813440|11|1~NM1|QC|1|ROBERTS|CAROL||||HN|452433604A~NM1|82|1||||||XX|1962447805~NM1|TT|2|TX HEALTH & HUMAN SERVICES COMMI|||||PI|70051~MOA|||MA01|MA07~DTM|050|20151229~SVC|HC^G0181|124|85.83||1~DTM|472|20151031~CAS|CO|45|14.52||253|1.75~CAS|PR|2|21.9~REF|6R|1646331266Z1~REF|LU|11~AMT|B6|109.48~CLP|1389-8292|1|124|72.96|18.61|MB|2815363813130|11|1~NM1|QC|1|ROSE|REFUGIA||||HN|449667780A~NM1|82|1||||||XX|1205107273~MOA|||MA01~DTM|050|20151229~SVC|HC^G0181|124|72.96||1~DTM|472|20151031~CAS|CO|45|30.94||253|1.49~CAS|PR|2|18.61~REF|6R|1646139151Z1~REF|LU|11~AMT|B6|93.06~CLP|5789-8735|19|124|72.96|18.61|MB|2815363812510|11|1~NM1|QC|1|RUFUS|BESSIE||||HN|450480485A~NM1|82|1||||||XX|1609272905~NM1|TT|2|TX HEALTH & HUMAN SERVICES COMMI|||||PI|70051~MOA|||MA01|MA07~DTM|050|20151229~SVC|HC^G0181|124|72.96||1~DTM|472|20151031~CAS|CO|45|30.94||253|1.49~CAS|PR|2|18.61~REF|6R|1646126628Z1~REF|LU|11~AMT|B6|93.06~CLP|5014-7444|19|124|72.96|18.61|MB|2815363813320|11|1~NM1|QC|1|RYNO|HERSHELL||||HN|453485466A~NM1|82|1||||||XX|1609272905~NM1|TT|2|HCSC-BCBS OF TX-OTHER B ONLY|||||PI|00044~MOA|||MA01|MA18~DTM|050|20151229~SVC|HC^G0181|124|72.96||1~DTM|472|20151031~CAS|CO|45|30.94||253|1.49~CAS|PR|2|18.61~REF|6R|1646331248Z1~REF|LU|11~AMT|B6|93.06~CLP|6028-9067|1|124|85.83|21.9|MB|2815363813050|11|1~NM1|QC|1|SANDERS|PEGGY||||HN|412622112A~NM1|82|1||||||XX|1962447805~MOA|||MA01~DTM|050|20151229~SVC|HC^G0181|124|85.83||1~DTM|472|20151031~CAS|CO|45|14.52||253|1.75~CAS|PR|2|21.9~REF|6R|1646135437Z1~REF|LU|11~AMT|B6|109.48~CLP|6013-8884|19|124|72.96|18.61|MB|2815363812610|11|1~NM1|QC|1|SHOULDER|JOANN||||HN|436196361A~NM1|82|1||||||XX|1952728636~NM1|TT|2|TX HEALTH & HUMAN SERVICES COMMI|||||PI|70051~MOA|||MA01|MA07~DTM|050|20151229~SVC|HC^G0181|124|72.96||1~DTM|472|20151031~CAS|CO|45|30.94||253|1.49~CAS|PR|2|18.61~REF|6R|1646126634Z1~REF|LU|11~AMT|B6|93.06~CLP|2705-9032|19|204|119.84|30.57|MB|2815363323580|12|1~NM1|QC|1|SMITH|MICHELLE||||HN|460747406B~NM1|82|1||||||XX|1609272905~NM1|TT|2|HCSC-BCBS OF TEXAS-STD A & B|||||PI|30028~MOA|||MA01|MA18~DTM|050|20151229~SVC|HC^99350|204|119.84||1~DTM|472|20151120~CAS|CO|45|51.14||253|2.45~CAS|PR|2|30.57~REF|6R|1645814789Z1~REF|LU|12~AMT|B6|152.86~CLP|2559-9220|1|124|85.83|21.9|MB|2815363813270|11|1~NM1|QC|1|STEVENSON|LD||||HN|465501923A~NM1|82|1||||||XX|1962447805~MOA|||MA01~DTM|050|20151229~SVC|HC^G0181|124|85.83||1~DTM|472|20151031~CAS|CO|45|14.52||253|1.75~CAS|PR|2|21.9~REF|6R|1646139187Z1~REF|LU|11~AMT|B6|109.48~CLP|5943-8390|1|222|129.44|33.02|MB|2815363323630|12|1~NM1|QC|1|SYKES|BENJAMIN||||HN|569443546A~NM1|82|1||||||XX|1952728636~MOA|||MA01|MA15~DTM|050|20151229~SVC|HC^99350^25|204|119.84||1~DTM|472|20151019~CAS|CO|45|51.14||253|2.45~CAS|PR|2|30.57~REF|6R|1645819475Z1~REF|LU|12~AMT|B6|152.86~SVC|HC^99406|18|9.6||1~DTM|472|20151019~CAS|CO|45|5.75||253|.2~CAS|PR|2|2.45~REF|6R|1645819475Z3~REF|LU|12~AMT|B6|12.25~SVC|HC^G8427|0|0||||1~DTM|472|20151019~REF|6R|1645819475Z4~REF|LU|12~LQ|HE|N620~SVC|HC^3288F|0|0||||1~DTM|472|20151019~REF|6R|1645819475Z5~REF|LU|12~LQ|HE|N620~CLP|5943-8700|1|124|72.96|18.61|MB|2815363812860|11|1~NM1|QC|1|SYKES|BENJAMIN||||HN|569443546A~NM1|82|1||||||XX|1952728636~MOA|||MA01~DTM|050|20151229~SVC|HC^G0181|124|72.96||1~DTM|472|20151031~CAS|CO|45|30.94||253|1.49~CAS|PR|2|18.61~REF|6R|1646135426Z1~REF|LU|11~AMT|B6|93.06~CLP|5786-8561|19|124|72.96|18.61|MB|2815363813200|11|1~NM1|QC|1|TAPPEN|FRANCES||||HN|510093885D~NM1|82|1||||||XX|1205107273~NM1|TT|2|WPS - TRICARE FOR LIFE|||||PI|60000~MOA|||MA01|MA18~DTM|050|20151229~SVC|HC^G0181|124|72.96||1~DTM|472|20151031~CAS|CO|45|30.94||253|1.49~CAS|PR|2|18.61~REF|6R|1646139177Z1~REF|LU|11~AMT|B6|93.06~CLP|5940-7776|19|124|72.96|18.61|MB|2815363323620|11|1~NM1|QC|1|THOMAS|ANDY||||HN|439343794A~NM1|82|1||||||XX|1609272905~NM1|TT|2|TX HEALTH & HUMAN SERVICES COMMI|||||PI|70051~MOA|||MA01|MA07~DTM|050|20151229~SVC|HC^G0181|124|72.96||1~DTM|472|20150930~CAS|CO|45|30.94||253|1.49~CAS|PR|2|18.61~REF|6R|1645816133Z1~REF|LU|11~AMT|B6|93.06~CLP|6006-8568|1|124|72.96|18.61|MB|2815363812460|11|1~NM1|QC|1|TURNER|ERMA||||HN|465563767A~NM1|82|1||||||XX|1609272905~MOA|||MA01~DTM|050|20151229~SVC|HC^G0181|124|72.96||1~DTM|472|20151031~CAS|CO|45|30.94||253|1.49~CAS|PR|2|18.61~REF|6R|1646126626Z1~REF|LU|11~AMT|B6|93.06~CLP|5969-9143|19|124|72.96|18.61|MB|2815363813070|11|1~NM1|QC|1|WIGFALL|WALLACE||||HN|526566147A~NM1|82|1||||||XX|1952728636~NM1|TT|2|TX HEALTH & HUMAN SERVICES COMMI|||||PI|70051~MOA|||MA01|MA07~DTM|050|20151229~SVC|HC^G0181|124|72.96||1~DTM|472|20151031~CAS|CO|45|30.94||253|1.49~CAS|PR|2|18.61~REF|6R|1646135438Z1~REF|LU|11~AMT|B6|93.06~CLP|6007-8965|19|124|72.96|18.61|MB|2815363813680|11|1~NM1|QC|1|WILLIAMS|BOBBIE||||HN|467643469A~NM1|82|1||||||XX|1609272905~NM1|TT|2|TX HEALTH & HUMAN SERVICES COMMI|||||PI|70051~MOA|||MA01|MA07~DTM|050|20151229~SVC|HC^G0181|124|72.96||1~DTM|472|20151031~CAS|CO|45|30.94||253|1.49~CAS|PR|2|18.61~REF|6R|1646331296Z1~REF|LU|11~AMT|B6|93.06~CLP|826-8932|19|124|72.96|18.61|MB|2815363812980|11|1~NM1|QC|1|WILLIAMS|EDNA|F|||HN|457029048A~NM1|82|1||||||XX|1952728636~NM1|TT|2|TX HEALTH & HUMAN SERVICES COMMI|||||PI|70051~MOA|||MA01|MA07~DTM|050|20151229~SVC|HC^G0181|124|72.96||1~DTM|472|20151031~CAS|CO|45|30.94||253|1.49~CAS|PR|2|18.61~REF|6R|1646135433Z1~REF|LU|11~AMT|B6|93.06~CLP|5499-7876|1|124|72.96|18.61|MB|2815363813500|11|1~NM1|QC|1|WILLIAMS|IDA||||HN|456649010A~NM1|82|1||||||XX|1952728636~MOA|||MA01~DTM|050|20151229~SVC|HC^G0181|124|72.96||1~DTM|472|20151031~CAS|CO|45|30.94||253|1.49~CAS|PR|2|18.61~REF|6R|1646331271Z1~REF|LU|11~AMT|B6|93.06~SE|821|0002~GE|2|2808~IEA|1|000002811~