ISA|00|          |00|          |ZZ|ZIRMED         |ZZ|11             |160330|0728|U|00401|000001892|0|P|^~GS|HP|ZIRMED|FIS123456789|20160330|0728|1887|X|004010X091A1~ST|835|0001~BPR|I|99.32|C|ACH|CCP|01|092904554|DA|150097034071|1201494502||01|111000025|DA|488038453432|20160325~TRN|1|EFT3289800|1201494502~REF|EV|FIS123456789~REF|F2|TXMC QNXT~DTM|405|20160324~N1|PR|MOLINA HEALTHCARE OF TEXAS, INC~N3|2505 N. STATE HIGHWAY 360|STE 300~N4|GRAND PRAIRIE|TX|75050~N1|PE|DFW PRIMARY CARE PLLC|XX|1063835361~N3|2925 SKYWAY CICLE NORTH~N4|IRVING|TX|750383510~REF|TJ|464596718~LX|1~CLP|3162-5305|1|152|99.32||HM|16082949950~NM1|QC|1|HENRY|TRACY|V|||MI|500000046858~NM1|82|1|KETHA|SUMANA||||XX|1962447805~REF|CE|QMXBP8141~DTM|232|20160107~DTM|233|20160107~DTM|050|20160322~AMT|AU|152~SVC|HC^99214^25|130|85.25||1~DTM|472|20160107~CAS|CO|131|1.74||2|21.75||45|21.26~REF|6R|1722210203Z1~AMT|B6|108.74~LQ|HE|MA13~SVC|HC^99406|18|14.07||1~DTM|472|20160107~CAS|CO|131|.29||45|3.64~REF|6R|1722210203Z2~AMT|B6|14.36~SVC|HC^94760|4|0||1~DTM|472|20160107~CAS|CO|97|4~REF|6R|1722210203Z3~CLP|3162-5305|1|152|0||MC|16082949950M~NM1|QC|1|HENRY|TRACY|V|||MI|500000046858~NM1|74|1||||||C|608278385~NM1|82|1|KETHA|SUMANA||||XX|1962447805~REF|CE|QMXBP8137~DTM|232|20160107~DTM|233|20160107~DTM|050|20160323~AMT|AU|130~SVC|HC^99214^25|130|0||1~DTM|472|20160107~CAS|CO|45|44.75~CAS|OA|23|85.25~REF|6R|1722210203Z1~AMT|B6|46.73~SVC|HC^99406|18|0||1~DTM|472|20160107~CAS|CO|45|3.93~CAS|OA|23|14.07~REF|6R|1722210203Z2~SVC|HC^94760|4|0||1~DTM|472|20160107~CAS|CO|45|4~REF|6R|1722210203Z3~SE|62|0001~ST|835|0002~BPR|H|0|C|NON||||||||||||20160325~TRN|1|CHKHST20564777|1201494502~REF|EV|FIS123456789~REF|F2|TXMC QNXT~DTM|405|20160325~N1|PR|MOLINA HEALTHCARE OF TEXAS, INC~N3|2505 N. STATE HIGHWAY 360|STE 300~N4|GRAND PRAIRIE|TX|75050~N1|PE|DFW PRIMARY CARE PLLC|XX|1063835361~N3|2925 SKYWAY CICLE NORTH~N4|IRVING|TX|750383510~REF|TJ|464596718~LX|1~CLP|6235-5935|1|159|0||MC|16084925768~NM1|QC|1|LABBAY|SCHEHERAZADE|M|||MI|505467597~NM1|82|1|KETHA|SUMANA||||XX|1962447805~REF|CE|QMXBP7786~DTM|232|20160216~DTM|233|20160216~DTM|050|20160324~SVC|HC^99396^25|155|0||1~DTM|472|20160216~CAS|CO|A1|155~REF|6R|1725373589Z1~LQ|HE|N657~SVC|HC^94760|4|0||1~DTM|472|20160216~CAS|CO|A1|4~REF|6R|1725373589Z2~LQ|HE|N657~CLP|2016-5996|1|92|0||MC|16084925810~NM1|QC|1|GILHART|JOHN|C|||MI|530427610~NM1|82|1|KETHA|SUMANA||||XX|1962447805~REF|CE|TQMBPL6979~DTM|232|20160218~DTM|233|20160218~DTM|050|20160324~SVC|HC^99213^25|88|0||1~DTM|472|20160218~CAS|CO|A1|88~REF|6R|1725373611Z1~LQ|HE|N657~SVC|HC^94760|4|0||1~DTM|472|20160218~CAS|CO|A1|4~REF|6R|1725373611Z2~LQ|HE|N657~CLP|3915-6074|1|134|0||MC|16084925835~NM1|QC|1|KINNEY|KAREN|L|||MI|512372992~NM1|82|1|KETHA|SUMANA||||XX|1962447805~REF|CE|TQMBPL6979~DTM|232|20160222~DTM|233|20160222~DTM|050|20160324~SVC|HC^99214|130|0||1~DTM|472|20160222~CAS|CO|A1|130~REF|6R|1725373655Z1~LQ|HE|N657~SVC|HC^94760|4|0||1~DTM|472|20160222~CAS|CO|A1|4~REF|6R|1725373655Z2~LQ|HE|N657~CLP|5754-5791|1|134|0||MC|16084925886~NM1|QC|1|SMITH|MARY|A|||MI|513382826~NM1|82|1|KETHA|SUMANA||||XX|1962447805~REF|CE|TQMBPL6979~DTM|232|20160204~DTM|233|20160204~DTM|050|20160324~SVC|HC^99214^25|130|0||1~DTM|472|20160204~CAS|CO|A1|130~REF|6R|1725399318Z1~LQ|HE|N657~SVC|HC^94760|4|0||1~DTM|472|20160204~CAS|CO|A1|4~REF|6R|1725399318Z2~LQ|HE|N657~CLP|566-5792|1|134|0||MC|16084925890~NM1|QC|1|SMITH|GAROLD|D|||MI|522182631~NM1|82|1|KETHA|SUMANA||||XX|1962447805~REF|CE|TQMBPL6979~DTM|232|20160204~DTM|233|20160204~DTM|050|20160324~SVC|HC^99214^25|130|0||1~DTM|472|20160204~CAS|CO|A1|130~REF|6R|1725399320Z1~LQ|HE|N657~SVC|HC^94760|4|0||1~DTM|472|20160204~CAS|CO|A1|4~REF|6R|1725399320Z2~LQ|HE|N657~CLP|2016-5797|1|134|0||MC|16084925895~NM1|QC|1|GILHART|JOHN|C|||MI|530427610~NM1|82|1|KETHA|SUMANA||||XX|1962447805~REF|CE|TQMBPL6979~DTM|232|20160204~DTM|233|20160204~DTM|050|20160324~SVC|HC^99214^25|130|0||1~DTM|472|20160204~CAS|CO|A1|130~REF|6R|1725399323Z1~LQ|HE|N657~SVC|HC^94760|4|0||1~DTM|472|20160204~CAS|CO|A1|4~REF|6R|1725399323Z2~LQ|HE|N657~CLP|3915-5855|1|134|0||MC|16084925910~NM1|QC|1|KINNEY|KAREN|L|||MI|512372992~NM1|82|1|KETHA|SUMANA||||XX|1962447805~REF|CE|TQMBPL6979~DTM|232|20160208~DTM|233|20160208~DTM|050|20160324~SVC|HC^99214^25|130|0||1~DTM|472|20160208~CAS|CO|A1|130~REF|6R|1725399332Z1~LQ|HE|N657~SVC|HC^94760|4|0||1~DTM|472|20160208~CAS|CO|A1|4~REF|6R|1725399332Z2~LQ|HE|N657~CLP|3915-5389|1|134|0||MC|16084925915~NM1|QC|1|KINNEY|KAREN|L|||MI|512372992~NM1|82|1|KETHA|SUMANA||||XX|1962447805~REF|CE|TQMBPL6979~DTM|232|20160111~DTM|233|20160111~DTM|050|20160324~SVC|HC^99214^25|130|0||1~DTM|472|20160111~CAS|CO|A1|130~REF|6R|1725402668Z1~LQ|HE|N657~SVC|HC^94760|4|0||1~DTM|472|20160111~CAS|CO|A1|4~REF|6R|1725402668Z2~LQ|HE|N657~CLP|3040-6292|1|130|0||MC|16084925925~NM1|QC|1|ROBERTSON|SHARON|L|||MI|524114075~NM1|82|1|KETHA|SUMANA||||XX|1962447805~REF|CE|TQMBPL6979~DTM|232|20160304~DTM|233|20160304~DTM|050|20160324~SVC|HC^99214|130|0||1~DTM|472|20160304~CAS|CO|A1|130~REF|6R|1725431234Z1~LQ|HE|N657~CLP|3915-6310|1|88|0||MC|16084925930~NM1|QC|1|KINNEY|KAREN|L|||MI|512372992~NM1|82|1|KETHA|SUMANA||||XX|1962447805~REF|CE|TQMBPL6979~DTM|232|20160307~DTM|233|20160307~DTM|050|20160324~SVC|HC^99213|88|0||1~DTM|472|20160307~CAS|CO|A1|88~REF|6R|1725431250Z1~LQ|HE|N657~CLP|348-6016|1|134|0||MC|16084971842~NM1|QC|1|BEGUM|MAQBOOL||||MI|500000027638~NM1|82|1|KETHA|SUMANA||||XX|1962447805~REF|CE|QMXHPQ0882~DTM|232|20160218~DTM|233|20160218~DTM|036|20150831~DTM|050|20160318~SVC|HC^99214^25|130|0||1~DTM|472|20160218~CAS|CO|31|130~REF|6R|1719238132Z1~SVC|HC^94760|4|0||1~DTM|472|20160218~CAS|CO|31|4~REF|6R|1719238132Z2~CLP|348-5425|1|496|0||MC|16084971867~NM1|QC|1|BEGUM|MAQBOOL||||MI|500000027638~NM1|82|1|KETHA|SUMANA||||XX|1962447805~REF|CE|QMXHPQ0882~DTM|232|20160112~DTM|233|20160112~DTM|036|20150831~DTM|050|20160318~SVC|HC^99214^25|130|0||1~DTM|472|20160112~CAS|CO|31|130~REF|6R|1719243973Z1~SVC|HC^94760|4|0||1~DTM|472|20160112~CAS|CO|31|4~REF|6R|1719243973Z2~SVC|HC^95923|252|0||1~DTM|472|20160112~CAS|CO|31|252~REF|6R|1719243973Z3~SVC|HC^95921|110|0||1~DTM|472|20160112~CAS|CO|31|110~REF|6R|1719243973Z4~SE|215|0002~ST|835|0003~BPR|I|85.25|C|ACH|CCP|01|092904554|DA|150097034071|1201494502||01|111000025|DA|488038453432|20160328~TRN|1|EFT3294108|1201494502~REF|EV|FIS123456789~REF|F2|TXMC QNXT~DTM|405|20160325~N1|PR|MOLINA HEALTHCARE OF TEXAS, INC~N3|2505 N. STATE HIGHWAY 360|STE 300~N4|GRAND PRAIRIE|TX|75050~N1|PE|DFW PRIMARY CARE PLLC|XX|1063835361~N3|2925 SKYWAY CICLE NORTH~N4|IRVING|TX|750383510~REF|TJ|464596718~LX|1~CLP|6229-5875|1|134|85.25||HM|160831011097~NM1|QC|1|ZINNURAYEN|FATEHA||||MI|500000025054~NM1|82|1|KETHA|SUMANA||||XX|1962447805~REF|CE|QMXBP8141~DTM|232|20160209~DTM|233|20160209~DTM|050|20160318~AMT|AU|134~SVC|HC^99214^25|130|85.25||1~DTM|472|20160209~CAS|CO|131|1.74||2|21.75||45|21.26~REF|6R|1719238128Z1~AMT|B6|108.74~LQ|HE|MA13~SVC|HC^94760|4|0||1~DTM|472|20160209~CAS|CO|97|4~REF|6R|1719238128Z2~CLP|6229-5875|1|134|0||MC|160831011097M~NM1|QC|1|ZINNURAYEN|FATEHA||||MI|627112255~NM1|82|1|KETHA|SUMANA||||XX|1962447805~REF|CE|QMXBP8137~DTM|232|20160209~DTM|233|20160209~DTM|050|20160324~AMT|AU|130~SVC|HC^99214^25|130|0||1~DTM|472|20160209~CAS|CO|45|44.75~CAS|OA|23|85.25~REF|6R|1719238128Z1~AMT|B6|46.73~SVC|HC^94760|4|0||1~DTM|472|20160209~CAS|CO|45|4~REF|6R|1719238128Z2~SE|51|0003~ST|835|0004~BPR|I|3223.11|C|ACH|CCP|01|092904554|DA|150097034071|1201494502||01|111000025|DA|488038453432|20160328~TRN|1|EFT3294982|1201494502~REF|EV|FIS123456789~REF|F2|TXMC QNXT~DTM|405|20160325~N1|PR|MOLINA HEALTHCARE OF TEXAS, INC~N3|2505 N. STATE HIGHWAY 360|STE 300~N4|GRAND PRAIRIE|TX|75050~N1|PE|DFW PRIMARY CARE PLLC|XX|1063835361~N3|2925 SKYWAY CICLE NORTH~N4|IRVING|TX|750383510~REF|TJ|464596718~LX|1~CLP|6200-5936|1|159|127.93|3.17|MC|16084925774~NM1|QC|1|SKEINS|CYNTHIA|ANN|||MI|0002956803~NM1|82|1|KETHA|SUMANA||||XX|1962447805~REF|CE|45786002000205~DTM|232|20160216~DTM|233|20160216~DTM|050|20160324~AMT|AU|155.83~SVC|HC^99396^25|155|127.93||1~DTM|472|20160216~CAS|CO|45|27.07~REF|6R|1725373591Z1~AMT|B6|127.93~SVC|HC^94760|4|0||1~DTM|472|20160216~CAS|CO|45|.83~CAS|PR|3|3.17~REF|6R|1725373591Z2~AMT|B6|3.17~CLP|6195-5937|1|159|131.1||MC|16084925780~NM1|QC|1|ANWAR|ROSHAN||||MI|0003329513~NM1|74|1||ROSHAN ARA~NM1|82|1|KETHA|SUMANA||||XX|1962447805~REF|CE|45786002000206~DTM|232|20160216~DTM|233|20160216~DTM|050|20160324~AMT|AU|159~SVC|HC^99396^25|155|127.93||1~DTM|472|20160216~CAS|CO|45|27.07~REF|6R|1725373595Z1~AMT|B6|127.93~SVC|HC^94760|4|3.17||1~DTM|472|20160216~CAS|CO|45|.83~REF|6R|1725373595Z2~AMT|B6|3.17~CLP|6251-5941|1|134|111.91||MC|16084925787~NM1|QC|1|DESAI|SHILPA||||MI|0002918784~NM1|82|1|KETHA|SUMANA||||XX|1962447805~REF|CE|45786001000206~DTM|232|20160216~DTM|233|20160216~DTM|050|20160324~AMT|AU|134~SVC|HC^99214^25|130|108.74||1~DTM|472|20160216~CAS|CO|45|21.26~REF|6R|1725373596Z1~AMT|B6|108.74~SVC|HC^94760|4|3.17||1~DTM|472|20160216~CAS|CO|45|.83~REF|6R|1725373596Z2~AMT|B6|3.17~CLP|6272-5943|1|190|154.55|3.17|MC|16084925793~NM1|QC|1|BARNELL|BRENDA|SUE|||MI|0002775993~NM1|74|1|||S~NM1|82|1|KETHA|SUMANA||||XX|1962447805~REF|CE|45786002000301~DTM|232|20160216~DTM|233|20160216~DTM|050|20160324~AMT|AU|186.83~SVC|HC^99386^25|186|154.55||1~DTM|472|20160216~CAS|CO|45|31.45~REF|6R|1725373598Z1~AMT|B6|154.55~SVC|HC^94760|4|0||1~DTM|472|20160216~CAS|CO|45|.83~CAS|PR|1|3.17~REF|6R|1725373598Z2~AMT|B6|3.17~CLP|6253-5956|1|204|149.71|20|MC|16084925797~NM1|QC|1|PANNELL|KATHY||||MI|0002767743~NM1|82|1|KETHA|SUMANA||||XX|1962447805~REF|CE|45786002000204~DTM|232|20160216~DTM|233|20160216~DTM|050|20160324~AMT|AU|184~SVC|HC^99204^25|200|146.54||1~DTM|472|20160216~CAS|CO|45|33.46~CAS|PR|3|20~REF|6R|1725373604Z1~AMT|B6|166.54~SVC|HC^94760|4|3.17||1~DTM|472|20160216~CAS|CO|45|.83~REF|6R|1725373604Z2~AMT|B6|3.17~CLP|6241-5961|1|134|111.91||MC|16084925804~NM1|QC|1|DUGUMA|ARARSO||||MI|0002742616~NM1|82|1|KETHA|SUMANA||||XX|1962447805~REF|CE|45786002000206~DTM|232|20160216~DTM|233|20160216~DTM|050|20160324~AMT|AU|134~SVC|HC^99214^25|130|108.74||1~DTM|472|20160216~CAS|CO|45|21.26~REF|6R|1725373608Z1~AMT|B6|108.74~SVC|HC^94760|4|3.17||1~DTM|472|20160216~CAS|CO|45|.83~REF|6R|1725373608Z2~AMT|B6|3.17~CLP|6230-6008|1|159|127.93|3.17|MC|16084925815~NM1|QC|1|ALVAREZ|LUIS|A|||MI|0002285403~NM1|82|1|KETHA|SUMANA||||XX|1962447805~REF|CE|45786002000301~DTM|232|20160218~DTM|233|20160218~DTM|050|20160324~AMT|AU|155.83~SVC|HC^99396^25|155|127.93||1~DTM|472|20160218~CAS|CO|45|27.07~REF|6R|1725373618Z1~AMT|B6|127.93~SVC|HC^94760|4|0||1~DTM|472|20160218~CAS|CO|45|.83~CAS|PR|1|3.17~REF|6R|1725373618Z2~AMT|B6|3.17~CLP|6217-6009|1|159|127.93|3.17|MC|16084925820~NM1|QC|1|VILLATORO|CARMEN||||MI|0003139032~NM1|82|1|KETHA|SUMANA||||XX|1962447805~REF|CE|45786002000301~DTM|232|20160218~DTM|233|20160218~DTM|050|20160324~AMT|AU|155.83~SVC|HC^99396^25|155|127.93||1~DTM|472|20160218~CAS|CO|45|27.07~REF|6R|1725373620Z1~AMT|B6|127.93~SVC|HC^94760|4|0||1~DTM|472|20160218~CAS|CO|45|.83~CAS|PR|1|3.17~REF|6R|1725373620Z2~AMT|B6|3.17~CLP|6278-6018|1|204|169.71||MC|16084925825~NM1|QC|1|CORONADO|PAULINE||||MI|0002910874~NM1|82|1|KETHA|SUMANA||||XX|1962447805~REF|CE|45786002000206~DTM|232|20160218~DTM|233|20160218~DTM|050|20160324~AMT|AU|204~SVC|HC^99204^25|200|166.54||1~DTM|472|20160218~CAS|CO|45|33.46~REF|6R|1725373621Z1~AMT|B6|166.54~SVC|HC^94760|4|3.17||1~DTM|472|20160218~CAS|CO|45|.83~REF|6R|1725373621Z2~AMT|B6|3.17~CLP|6250-6035|1|204|0|169.71|MC|16084925830~NM1|QC|1|PORTILLO|TERESA||||MI|0002775128~NM1|82|1|KETHA|SUMANA||||XX|1962447805~REF|CE|45786002000301~DTM|232|20160219~DTM|233|20160219~DTM|050|20160324~AMT|AU|34.29~SVC|HC^99204^25|200|0||1~DTM|472|20160219~CAS|CO|45|33.46~CAS|PR|1|166.54~REF|6R|1725373630Z1~SVC|HC^94760|4|0||1~DTM|472|20160219~CAS|CO|45|.83~CAS|PR|1|3.17~REF|6R|1725373630Z2~CLP|6193-5858|1|90|72.8||MC|16084925841~NM1|QC|1|RESHAMWALA|SANA||||MI|0001695664~NM1|82|1|KETHA|SUMANA||||XX|1962447805~REF|CE|45786002000206~DTM|232|20160209~DTM|233|20160209~DTM|050|20160324~AMT|AU|90~SVC|HC^90654^25|23|18.92||1~DTM|472|20160209~CAS|CO|45|4.08~REF|6R|1725392999Z1~AMT|B6|18.92~SVC|HC^90471|33|25.62||1~DTM|472|20160209~CAS|CO|45|7.38~REF|6R|1725392999Z2~AMT|B6|25.62~SVC|HC^J3420|5|2.64||1~DTM|472|20160209~CAS|CO|45|2.36~REF|6R|1725392999Z3~AMT|B6|2.64~SVC|HC^96372|29|25.62||1~DTM|472|20160209~CAS|CO|45|3.38~REF|6R|1725392999Z4~AMT|B6|25.62~CLP|6202-5871|1|159|127.93|3.17|MC|16084925846~NM1|QC|1|RAYAMAJHI|DOR|B|||MI|0003328148~NM1|82|1|KETHA|SUMANA||||XX|1962447805~REF|CE|45786002000205~DTM|232|20160209~DTM|233|20160209~DTM|050|20160324~AMT|AU|155.83~SVC|HC^99396^25|155|127.93||1~DTM|472|20160209~CAS|CO|45|27.07~REF|6R|1725393002Z1~AMT|B6|127.93~SVC|HC^94760|4|0||1~DTM|472|20160209~CAS|CO|45|.83~CAS|PR|3|3.17~REF|6R|1725393002Z2~AMT|B6|3.17~CLP|6234-5879|1|153|152.17||MC|16084925851~NM1|QC|1|WALKER|OLIVIA||||MI|0003553142~NM1|82|1|KETHA|SUMANA||||XX|1962447805~REF|CE|45786002000206~DTM|232|20160209~DTM|233|20160209~DTM|050|20160324~AMT|AU|153~SVC|HC^99205^25|149|149||1~DTM|472|20160209~REF|6R|1725393004Z1~AMT|B6|149~SVC|HC^94760|4|3.17||1~DTM|472|20160209~CAS|CO|45|.83~REF|6R|1725393004Z2~AMT|B6|3.17~CLP|6257-5889|1|200|166.54||MC|16084925856~NM1|QC|1|KHATUN|SUMITA||||MI|0002925360~NM1|82|1|KETHA|SUMANA||||XX|1962447805~REF|CE|45786001000206~DTM|232|20160209~DTM|233|20160209~DTM|050|20160324~AMT|AU|200~SVC|HC^99204|200|166.54||1~DTM|472|20160209~CAS|CO|45|33.46~REF|6R|1725393009Z1~AMT|B6|166.54~CLP|6199-5903|1|130|108.74||MC|16084925857~NM1|QC|1|BRUCE|RICARDO||||MI|0002155758~NM1|82|1|KETHA|SUMANA||||XX|1962447805~REF|CE|45786002000206~DTM|232|20160215~DTM|233|20160215~DTM|050|20160324~AMT|AU|130~SVC|HC^99214|130|108.74||1~DTM|472|20160215~CAS|CO|45|21.26~REF|6R|1725393012Z1~AMT|B6|108.74~CLP|6252-5904|1|160|132.99||MC|16084925862~NM1|QC|1|BRUCE|MERRIL||||MI|0001444846~NM1|82|1|KETHA|SUMANA||||XX|1962447805~REF|CE|45786002000206~DTM|232|20160215~DTM|233|20160215~DTM|050|20160324~AMT|AU|160~SVC|HC^99385|160|132.99||1~DTM|472|20160215~CAS|CO|45|27.01~REF|6R|1725393013Z1~AMT|B6|132.99~CLP|6248-5910|1|148|123.1||MC|16084925867~NM1|QC|1|LEWIS|KENDRON||||MI|0002878067~NM1|82|1|KETHA|SUMANA||||XX|1962447805~REF|CE|45786002000206~DTM|232|20160215~DTM|233|20160215~DTM|050|20160324~AMT|AU|148~SVC|HC^99214^25|130|108.74||1~DTM|472|20160215~CAS|CO|45|21.26~REF|6R|1725393015Z1~AMT|B6|108.74~SVC|HC^99406|18|14.36||1~DTM|472|20160215~CAS|CO|45|3.64~REF|6R|1725393015Z2~AMT|B6|14.36~CLP|6247-5913|1|145|120.02||MC|16084925872~NM1|QC|1|JAIN|NISHA||||MI|0001982162~NM1|74|1||||||C|0002474676~NM1|82|1|KETHA|SUMANA||||XX|1962447805~REF|CE|45786002000206~DTM|232|20160215~DTM|233|20160215~DTM|050|20160324~AMT|AU|145~SVC|HC^99395|145|120.02||1~DTM|472|20160215~CAS|CO|45|24.98~REF|6R|1725393018Z1~AMT|B6|120.02~CLP|6193-5917|1|130|108.74||MC|16084925881~NM1|QC|1|RESHAMWALA|SANA||||MI|0001695664~NM1|82|1|KETHA|SUMANA||||XX|1962447805~REF|CE|45786002000206~DTM|232|20160215~DTM|233|20160215~DTM|050|20160324~AMT|AU|130~SVC|HC^99214|130|108.74||1~DTM|472|20160215~CAS|CO|45|21.26~REF|6R|1725393019Z1~AMT|B6|108.74~CLP|6291-6198|1|190|154.55|3.17|MC|16084925883~NM1|QC|1|MARTINEZ|CHRISTI|DANELLIA|||MI|0002229345~NM1|82|1|KETHA|SUMANA||||XX|1962447805~REF|CE|45786002000205~DTM|232|20160229~DTM|233|20160229~DTM|050|20160324~AMT|AU|186.83~SVC|HC^99386^25|186|154.55||1~DTM|472|20160229~CAS|CO|45|31.45~REF|6R|1725393032Z1~AMT|B6|154.55~SVC|HC^94760|4|0||1~DTM|472|20160229~CAS|CO|45|.83~CAS|PR|3|3.17~REF|6R|1725393032Z2~AMT|B6|3.17~CLP|6230-5800|1|178|0|149.61|MC|16084925900~NM1|QC|1|ALVAREZ|LUIS|A|||MI|0002285403~NM1|82|1|KETHA|SUMANA||||XX|1962447805~REF|CE|45786002000301~DTM|232|20160204~DTM|233|20160204~DTM|050|20160324~AMT|AU|28.39~SVC|HC^99215^25|174|0||1~DTM|472|20160204~CAS|CO|45|27.56~CAS|PR|1|146.44~REF|6R|1725399325Z1~SVC|HC^94760|4|0||1~DTM|472|20160204~CAS|CO|45|.83~CAS|PR|1|3.17~REF|6R|1725399325Z2~CLP|6217-5801|1|178|0|149.61|MC|16084925905~NM1|QC|1|VILLATORO|CARMEN||||MI|0003139032~NM1|82|1|KETHA|SUMANA||||XX|1962447805~REF|CE|45786002000301~DTM|232|20160204~DTM|233|20160204~DTM|050|20160324~AMT|AU|28.39~SVC|HC^99215^25|174|0||1~DTM|472|20160204~CAS|CO|45|27.56~CAS|PR|1|146.44~REF|6R|1725399327Z1~SVC|HC^94760|4|0||1~DTM|472|20160204~CAS|CO|45|.83~CAS|PR|1|3.17~REF|6R|1725399327Z2~CLP|6299-6290|1|200|166.54||MC|16084925920~NM1|QC|1|ELFAWAIR|FAIZAH||||MI|0003008785~NM1|82|1|KETHA|SUMANA||||XX|1962447805~REF|CE|45786002000206~DTM|232|20160304~DTM|233|20160304~DTM|050|20160324~AMT|AU|200~SVC|HC^99204|200|166.54||1~DTM|472|20160304~CAS|CO|45|33.46~REF|6R|1725431230Z1~AMT|B6|166.54~CLP|6256-6313|1|456|0|337.03|MC|16084925935~NM1|QC|1|THAPA|LIL||||MI|0002886563~NM1|82|1|KETHA|SUMANA||||XX|1962447805~REF|CE|45786002000301~DTM|232|20160307~DTM|233|20160307~DTM|050|20160324~AMT|AU|118.97~SVC|HC^99204^25|200|0||1~DTM|472|20160307~CAS|CO|45|33.46~CAS|PR|1|166.54~REF|6R|1725431254Z1~SVC|HC^94760|4|0||1~DTM|472|20160307~CAS|CO|45|.83~CAS|PR|1|3.17~REF|6R|1725431254Z2~SVC|HC^95923|252|0||1~DTM|472|20160307~CAS|CO|45|84.68~CAS|PR|1|167.32~REF|6R|1725431254Z3~CLP|6289-6315|1|204|159.71|10|MC|16084925941~NM1|QC|1|PERVAIZ|FAHMINA||||MI|0002212911~NM1|82|1|KETHA|SUMANA||||XX|1962447805~REF|CE|45786002000205~DTM|232|20160307~DTM|233|20160307~DTM|050|20160324~AMT|AU|194~SVC|HC^99204^25|200|156.54||1~DTM|472|20160307~CAS|CO|45|33.46~CAS|PR|3|10~REF|6R|1725431261Z1~AMT|B6|166.54~SVC|HC^94760|4|3.17||1~DTM|472|20160307~CAS|CO|45|.83~REF|6R|1725431261Z2~AMT|B6|3.17~CLP|6288-6337|1|204|149.71|20|MC|16084925946~NM1|QC|1|FORD|KIMBERLY||||MI|0002198598~NM1|82|1|KETHA|SUMANA||||XX|1962447805~REF|CE|45786002000201~DTM|232|20160308~DTM|233|20160308~DTM|050|20160324~AMT|AU|184~SVC|HC^99204^25|200|146.54||1~DTM|472|20160308~CAS|CO|45|33.46~CAS|PR|3|20~REF|6R|1725431273Z1~AMT|B6|166.54~SVC|HC^94760|4|3.17||1~DTM|472|20160308~CAS|CO|45|.83~REF|6R|1725431273Z2~AMT|B6|3.17~CLP|6308-6341|1|128|112.18||MC|16084925951~NM1|QC|1|LAMSAL|MANOJ||||MI|0003332270~NM1|82|1|KETHA|SUMANA||||XX|1962447805~REF|CE|45786002000206~DTM|232|20160308~DTM|233|20160308~DTM|050|20160324~AMT|AU|128~SVC|HC^99203^25|124|109.01||1~DTM|472|20160308~CAS|CO|45|14.99~REF|6R|1725431284Z1~AMT|B6|109.01~SVC|HC^94760|4|3.17||1~DTM|472|20160308~CAS|CO|45|.83~REF|6R|1725431284Z2~AMT|B6|3.17~CLP|6312-6490|1|204|154.71|15|MC|16084925955~NM1|QC|1|BERRY|JANE|RAYNER|||MI|0003385071~NM1|82|1|KETHA|SUMANA||||XX|1962447805~REF|CE|45786002000101~DTM|232|20160321~DTM|233|20160321~DTM|050|20160324~AMT|AU|189~SVC|HC^99204^25|200|151.54||1~DTM|472|20160321~CAS|CO|45|33.46~CAS|PR|3|15~REF|6R|1725549879Z1~AMT|B6|166.54~SVC|HC^94760|4|3.17||1~DTM|472|20160321~CAS|CO|45|.83~REF|6R|1725549879Z2~AMT|B6|3.17~SE|516|0004~ST|835|0005~BPR|H|0|C|NON||||||||||||20160328~TRN|1|CHKHST20580471|1201494502~REF|EV|FIS123456789~REF|F2|TXMC QNXT~DTM|405|20160328~N1|PR|MOLINA HEALTHCARE OF TEXAS, INC~N3|2505 N. STATE HIGHWAY 360|STE 300~N4|GRAND PRAIRIE|TX|75050~N1|PE|DFW PRIMARY CARE PLLC|XX|1063835361~N3|2925 SKYWAY CICLE NORTH~N4|IRVING|TX|750383510~REF|TJ|464596718~LX|1~CLP|3915-6473|1|134|0||MC|16085908227~NM1|QC|1|KINNEY|KAREN|L|||MI|512372992~NM1|82|1|KETHA|SUMANA||||XX|1962447805~REF|CE|TQMBPL6979~DTM|232|20160321~DTM|233|20160321~DTM|050|20160325~SVC|HC^99214^25|130|0||1~DTM|472|20160321~CAS|CO|A1|130~REF|6R|1726658112Z1~LQ|HE|N657~SVC|HC^94760|4|0||1~DTM|472|20160321~CAS|CO|A1|4~REF|6R|1726658112Z2~LQ|HE|N657~CLP|2016-6250|1|134|0||MC|16085908256~NM1|QC|1|GILHART|JOHN|C|||MI|530427610~NM1|82|1|KETHA|SUMANA||||XX|1962447805~REF|CE|TQMBPL6979~DTM|232|20160303~DTM|233|20160303~DTM|050|20160325~SVC|HC^99214^25|130|0||1~DTM|472|20160303~CAS|CO|A1|130~REF|6R|1726659923Z1~LQ|HE|N657~SVC|HC^94760|4|0||1~DTM|472|20160303~CAS|CO|A1|4~REF|6R|1726659923Z2~LQ|HE|N657~CLP|566-6247|1|165|0||MC|16085908365~NM1|QC|1|SMITH|GAROLD|D|||MI|522182631~NM1|82|1|KETHA|SUMANA||||XX|1962447805~REF|CE|TQMBPL6979~DTM|232|20160303~DTM|233|20160303~DTM|050|20160325~SVC|HC^99214^25|130|0||1~DTM|472|20160303~CAS|CO|A1|130~REF|6R|1726659933Z1~LQ|HE|N657~SVC|HC^94760|4|0||1~DTM|472|20160303~CAS|CO|A1|4~REF|6R|1726659933Z2~LQ|HE|N657~SVC|HC^99407|31|0||1~DTM|472|20160303~CAS|CO|A1|31~REF|6R|1726659933Z3~LQ|HE|N657~CLP|5754-6246|1|134|0||MC|16085908370~NM1|QC|1|SMITH|MARY|A|||MI|513382826~NM1|82|1|KETHA|SUMANA||||XX|1962447805~REF|CE|TQMBPL6979~DTM|232|20160303~DTM|233|20160303~DTM|050|20160325~SVC|HC^99214^25|130|0||1~DTM|472|20160303~CAS|CO|A1|130~REF|6R|1726659989Z1~LQ|HE|N657~SVC|HC^94760|4|0||1~DTM|472|20160303~CAS|CO|A1|4~REF|6R|1726659989Z2~LQ|HE|N657~CLP|6298-6226|1|153|0||MC|16085908376~NM1|QC|1|SANCHEZ|LUISA||||MI|0001793379~NM1|82|1|KETHA|SUMANA||||XX|1962447805~REF|CE|QMXHPQ0882~DTM|232|20160301~DTM|233|20160301~DTM|036|20160131~DTM|050|20160325~SVC|HC^99205^25|149|0||1~DTM|472|20160301~CAS|CO|31|149~REF|6R|1726660164Z1~SVC|HC^94760|4|0||1~DTM|472|20160301~CAS|CO|31|4~REF|6R|1726660164Z2~CLP|6277-6217|1|153|0||MC|16085908382~NM1|QC|1|MILLER|DONALD|E|||MI|508751432~NM1|82|1|KETHA|SUMANA||||XX|1962447805~REF|CE|TQMBPL6979~DTM|232|20160301~DTM|233|20160301~DTM|050|20160325~SVC|HC^99205^25|149|0||1~DTM|472|20160301~CAS|CO|A1|149~REF|6R|1726660180Z1~LQ|HE|N657~SVC|HC^94760|4|0||1~DTM|472|20160301~CAS|CO|A1|4~REF|6R|1726660180Z2~LQ|HE|N657~CLP|553-6063|1|134|0||MC|16085908421~NM1|QC|1|LARGE|BILLY|W|||MI|615579278~NM1|82|1|KETHA|SUMANA||||XX|1962447805~REF|CE|TQMBPL6979~DTM|232|20160222~DTM|233|20160222~DTM|050|20160325~SVC|HC^99214^25|130|0||1~DTM|472|20160222~CAS|CO|A1|130~REF|6R|1726667573Z1~LQ|HE|N657~SVC|HC^94760|4|0||1~DTM|472|20160222~CAS|CO|A1|4~REF|6R|1726667573Z2~LQ|HE|N657~CLP|6227-6069|1|159|0||MC|16085908426~NM1|QC|1|MABIN|ROBERT|J|||MI|624287844~NM1|74|1|MABINJR~NM1|82|1|KETHA|SUMANA||||XX|1962447805~REF|CE|TQMBPL6979~DTM|232|20160222~DTM|233|20160222~DTM|050|20160325~SVC|HC^99396^25|155|0||1~DTM|472|20160222~CAS|CO|A1|155~REF|6R|1726667584Z1~LQ|HE|N657~SVC|HC^94760|4|0||1~DTM|472|20160222~CAS|CO|A1|4~REF|6R|1726667584Z2~LQ|HE|N657~CLP|2733-6062|1|92|0||MC|16085908431~NM1|QC|1|ARBAIZA|MARIA|D|||MI|521288605~NM1|82|1|KETHA|SUMANA||||XX|1962447805~REF|CE|TQMBPL6978~DTM|232|20160222~DTM|233|20160222~DTM|050|20160325~SVC|HC^99213^25|88|0||1~DTM|472|20160222~CAS|CO|A1|88~REF|6R|1726667595Z1~LQ|HE|N657~SVC|HC^94760|4|0||1~DTM|472|20160222~CAS|CO|A1|4~REF|6R|1726667595Z2~LQ|HE|N657~SE|173|0005~ST|835|0006~BPR|I|1553.79|C|ACH|CCP|01|092904554|DA|150097034071|1201494502||01|111000025|DA|488038453432|20160329~TRN|1|EFT3297924|1201494502~REF|EV|FIS123456789~REF|F2|TXMC QNXT~DTM|405|20160328~N1|PR|MOLINA HEALTHCARE OF TEXAS, INC~N3|2505 N. STATE HIGHWAY 360|STE 300~N4|GRAND PRAIRIE|TX|75050~N1|PE|DFW PRIMARY CARE PLLC|XX|1063835361~N3|2925 SKYWAY CICLE NORTH~N4|IRVING|TX|750383510~REF|TJ|464596718~LX|1~CLP|6308-6470|1|134|111.91||MC|16085908232~NM1|QC|1|LAMSAL|MANOJ||||MI|0003332270~NM1|82|1|KETHA|SUMANA||||XX|1962447805~REF|CE|45786002000206~DTM|232|20160321~DTM|233|20160321~DTM|050|20160325~AMT|AU|134~SVC|HC^99214^25|130|108.74||1~DTM|472|20160321~CAS|CO|45|21.26~REF|6R|1726658372Z1~AMT|B6|108.74~SVC|HC^94760|4|3.17||1~DTM|472|20160321~CAS|CO|45|.83~REF|6R|1726658372Z2~AMT|B6|3.17~CLP|6251-6474|1|134|111.91||MC|16085908237~NM1|QC|1|DESAI|SHILPA||||MI|0002918784~NM1|82|1|KETHA|SUMANA||||XX|1962447805~REF|CE|45786001000206~DTM|232|20160321~DTM|233|20160321~DTM|050|20160325~AMT|AU|134~SVC|HC^99214^25|130|108.74||1~DTM|472|20160321~CAS|CO|45|21.26~REF|6R|1726658373Z1~AMT|B6|108.74~SVC|HC^94760|4|3.17||1~DTM|472|20160321~CAS|CO|45|.83~REF|6R|1726658373Z2~AMT|B6|3.17~CLP|6202-6468|1|134|101.91|10|MC|16085908242~NM1|QC|1|RAYAMAJHI|DOR|B|||MI|0003328148~NM1|82|1|KETHA|SUMANA||||XX|1962447805~REF|CE|45786002000205~DTM|232|20160321~DTM|233|20160321~DTM|050|20160325~AMT|AU|124~SVC|HC^99214^25|130|98.74||1~DTM|472|20160321~CAS|CO|45|21.26~CAS|PR|3|10~REF|6R|1726658387Z1~AMT|B6|108.74~SVC|HC^94760|4|3.17||1~DTM|472|20160321~CAS|CO|45|.83~REF|6R|1726658387Z2~AMT|B6|3.17~CLP|6306-6350|1|200|166.54||MC|16085908247~NM1|QC|1|CORTEZ|ELSA|PALOMA|||MI|0002546845~NM1|82|1|KETHA|SUMANA||||XX|1962447805~REF|CE|45786002000206~DTM|232|20160309~DTM|233|20160309~DTM|050|20160325~AMT|AU|200~SVC|HC^99204|200|166.54||1~DTM|472|20160309~CAS|CO|45|33.46~REF|6R|1726658408Z1~AMT|B6|166.54~CLP|6293-6199|1|204|169.71||MC|16085908391~NM1|QC|1|KHURAM|NAZIA||||MI|0002568896~NM1|82|1|KETHA|SUMANA||||XX|1962447805~REF|CE|45786002000206~DTM|232|20160229~DTM|233|20160229~DTM|050|20160325~AMT|AU|204~SVC|HC^99204^25|200|166.54||1~DTM|472|20160229~CAS|CO|45|33.46~REF|6R|1726663017Z1~AMT|B6|166.54~SVC|HC^94760|4|3.17||1~DTM|472|20160229~CAS|CO|45|.83~REF|6R|1726663017Z2~AMT|B6|3.17~CLP|6193-6195|1|134|111.91||MC|16085908396~NM1|QC|1|RESHAMWALA|SANA||||MI|0001695664~NM1|82|1|KETHA|SUMANA||||XX|1962447805~REF|CE|45786002000206~DTM|232|20160229~DTM|233|20160229~DTM|050|20160325~AMT|AU|134~SVC|HC^99214^25|130|108.74||1~DTM|472|20160229~CAS|CO|45|21.26~REF|6R|1726663207Z1~AMT|B6|108.74~SVC|HC^94760|4|3.17||1~DTM|472|20160229~CAS|CO|45|.83~REF|6R|1726663207Z2~AMT|B6|3.17~CLP|6221-6187|1|134|111.91||MC|16085908401~NM1|QC|1|BADAWI|BASSAM||||MI|0002240329~NM1|82|1|KETHA|SUMANA||||XX|1962447805~REF|CE|45786002000206~DTM|232|20160229~DTM|233|20160229~DTM|050|20160325~AMT|AU|134~SVC|HC^99214^25|130|108.74||1~DTM|472|20160229~CAS|CO|45|21.26~REF|6R|1726663217Z1~AMT|B6|108.74~SVC|HC^94760|4|3.17||1~DTM|472|20160229~CAS|CO|45|.83~REF|6R|1726663217Z2~AMT|B6|3.17~CLP|6195-6094|1|92|76.95||MC|16085908410~NM1|QC|1|ANWAR|ROSHAN||||MI|0003329513~NM1|74|1||ROSHAN ARA~NM1|82|1|KETHA|SUMANA||||XX|1962447805~REF|CE|45786002000206~DTM|232|20160223~DTM|233|20160223~DTM|050|20160325~AMT|AU|92~SVC|HC^99213^25|88|73.78||1~DTM|472|20160223~CAS|CO|45|14.22~REF|6R|1726663238Z1~AMT|B6|73.78~SVC|HC^94760|4|3.17||1~DTM|472|20160223~CAS|CO|45|.83~REF|6R|1726663238Z2~AMT|B6|3.17~CLP|6262-6072|1|204|169.71||MC|16085908416~NM1|QC|1|EDWARDS|MARY||||MI|0003644169~NM1|82|1|KETHA|SUMANA||||XX|1962447805~REF|CE|45786002000206~DTM|232|20160222~DTM|233|20160222~DTM|050|20160325~AMT|AU|204~SVC|HC^99204^25|200|166.54||1~DTM|472|20160222~CAS|CO|45|33.46~REF|6R|1726667553Z1~AMT|B6|166.54~SVC|HC^94760|4|3.17||1~DTM|472|20160222~CAS|CO|45|.83~REF|6R|1726667553Z2~AMT|B6|3.17~CLP|6267-6033|1|204|159.71|10|MC|16085908436~NM1|QC|1|SINGH|DEBRA|A|||MI|0002707210~NM1|82|1|KETHA|SUMANA||||XX|1962447805~REF|CE|45786001000205~DTM|232|20160219~DTM|233|20160219~DTM|050|20160325~AMT|AU|194~SVC|HC^99204^25|200|156.54||1~DTM|472|20160219~CAS|CO|45|33.46~CAS|PR|3|10~REF|6R|1726667877Z1~AMT|B6|166.54~SVC|HC^94760|4|3.17||1~DTM|472|20160219~CAS|CO|45|.83~REF|6R|1726667877Z2~AMT|B6|3.17~CLP|6226-6029|1|134|111.91||MC|16085908441~NM1|QC|1|BHATTRAI|CHAT||||MI|0002540725~NM1|82|1|KETHA|SUMANA||||XX|1962447805~REF|CE|45786002000206~DTM|232|20160219~DTM|233|20160219~DTM|050|20160325~AMT|AU|134~SVC|HC^99214^25|130|108.74||1~DTM|472|20160219~CAS|CO|45|21.26~REF|6R|1726667878Z1~AMT|B6|108.74~SVC|HC^94760|4|3.17||1~DTM|472|20160219~CAS|CO|45|.83~REF|6R|1726667878Z2~AMT|B6|3.17~CLP|6254-5955|1|204|149.71|20|MC|16085908445~NM1|QC|1|PANNELL|QUADALE||||MI|0003257618~NM1|82|1|KETHA|SUMANA||||XX|1962447805~REF|CE|45786002000204~DTM|232|20160216~DTM|233|20160216~DTM|050|20160325~AMT|AU|184~SVC|HC^99204^25|200|146.54||1~DTM|472|20160216~CAS|CO|45|33.46~CAS|PR|3|20~REF|6R|1726667888Z1~AMT|B6|166.54~SVC|HC^94760|4|3.17||1~DTM|472|20160216~CAS|CO|45|.83~REF|6R|1726667888Z2~AMT|B6|3.17~SE|230|0006~GE|6|1887~IEA|1|000001892~