ISA|00|          |00|          |ZZ|ZIRMED         |ZZ|PAYER          |160118|1141|U|00401|000001730|0|P|^~GS|HP|ZIRMED|PROVIDERHIS|20160118|1141|1725|X|004010X091A1~ST|835|0001~BPR|I|14.54|C|ACH|CCP|01|061000104|DA|1000187147243|1742770542||01|111000025|DA|488038453432|20160118~TRN|1|0901732173|1742770542~REF|EV|999999999999999~DTM|405|20160118~N1|PR|SUPERIOR HEALTH PLAN~N3|6070 GATEWAY EAST|SUITE 400~N4|EL PASO|TX|79905~PER|CX||TE|8002252573~N1|PE|DFW GERIATRICS PLLC|XX|1063835361~N3|2925 SKWY CIR N~N4|IRVING|TX|75038~REF|TJ|464596718~LX|1~CLP|6048-5166|1|24|14.54||HM|P012TXE36552|11|E~NM1|QC|1|MARTIN|GERTRUDE||||MR|504273668~NM1|IL|1|MARTIN|GERTRUDE||||MI|00187200401~NM1|82|1|KETHA|SUMANA||||XX|1962447805~REF|EA|000000036808~REF|G2|168813~SVC|HC^99211|24|14.54||1~DTM|472|20151223~CAS|CO|45|9.46~REF|6R|1657893464Z1~REF|HPI|1962447805~AMT|B6|14.54~SE|27|0001~GE|1|1725~IEA|1|000001730~