ISA|00|          |00|          |ZZ|ZIRMED         |ZZ|PAYER          |160302|0936|U|00401|000001815|0|P|^~GS|HP|ZIRMED|PROVIDERHIS|20160302|0936|1810|X|004010X091A1~ST|835|0001~BPR|I|90.13|C|ACH|CCP|01|061000104|DA|1000187147243|1742770542||01|111000025|DA|488038453432|20160302~TRN|1|0900024935|1742770542~REF|EV|999999999999999~DTM|405|20160302~N1|PR|ADVANTAGE BY SUPERIOR~N3|2100 SOUTH IH 35, SUITE 202~N4|AUSTIN|TX|78704~PER|CX||TE|8002252573~N1|PE|DFW GERIATRICS PLLC|XX|1063835361~N3|2925 SKWY CIR N~N4|IRVING|TX|75038~REF|TJ|464596718~LX|1~CLP|6140-4052|1|134|90.13|22.99|HM|P057MCE04432|11|E~NM1|QC|1|BERRY|CORDELIA I||||MR|C0008205901~NM1|IL|1|BERRY|CORDELIA|I|||MI|C0008205901~NM1|82|1|KETHA|SUMANA||||XX|1962447805~REF|EA|000000000997~REF|G2|690002~SVC|HC^99214^25|130|90.13||1~DTM|472|20151022~CAS|CO|45|15.04||44|1.84~CAS|PR|2|22.99|1~REF|6R|1700184681Z1~REF|HPI|1962447805~AMT|B6|114.96~SVC|HC^94760|4|0||1~DTM|472|20151022~CAS|CO|97|4~REF|6R|1700184681Z2~REF|HPI|1962447805~AMT|B6|3.34~LQ|HE|M15~SE|35|0001~GE|1|1810~IEA|1|000001815~