ISA|00|          |00|          |ZZ|ZIRMED         |30|611340767      |160329|1140|U|00401|000001887|0|P|^~GS|HP|ZIRMED|611340767|20160329|1140|1882|X|004010X091A1~ST|835|0001~BPR|I|192.3|C|ACH|CCP|01|011900445|DA|0000009046|1066033492||01|111000025|DA|488038453432|20160401~TRN|1|816088560004393|1066033492~REF|EV|611340767~DTM|405|20160329~N1|PR|AETNA~N3|151 FARMINGTON AVENUE~N4|HARTFORD|CT|06156~N1|PE|KETHA, SUMANA|XX|1063835361~N3|2925 SKYWAY CIR N~N4|IRVING|TX|750383510~REF|PQ|762610840~REF|TJ|464596718~LX|1~TS3|1063835361|11|20161231|3|760~CLP|6168-4603|1|496|0|121.15|13|EJFBSL5HR0000|11|1~NM1|QC|1|VARUGHESE|SHALY||||MI|W211854177~NM1|82|1|KETHA|SUMANA||||XX|1063835361~REF|1L|0878752-035-00023-FD~REF|CE|AETNA HEALTHFUND  AETNA CHOICE  POS II NET 00338~DTM|232|20151130~DTM|233|20151130~DTM|050|20160325~PER|CX||TE|8886323862~AMT|AU|134~SVC|HC^99214^25|130|0||1~DTM|472|20151130~CAS|CO|45|8.85~CAS|PR|1|121.15~REF|6R|1728824402Z1~AMT|B6|121.15~SVC|HC^95923|252|0||0||1~DTM|472|20151130~CAS|CO|96|252|1~REF|6R|1728824402Z3~LQ|HE|N56~SVC|HC^95921|110|0||0||1~DTM|472|20151130~CAS|CO|96|110|1~REF|6R|1728824402Z4~LQ|HE|N56~SVC|HC^95923|4|0||0|HC^94760|1~DTM|472|20151130~CAS|CO|97|4|1~REF|6R|1728824402Z2~AMT|B6|4~LQ|HE|N19~SVC|HC^G8427|0|0||0||1~DTM|472|20151130~REF|6R|1728824402Z5~CLP|6167-5226|1|130|96.15|25|13|EVABRK0HC0000|11|1~NM1|QC|1|VATTUMILLI|SRILAKSHMI||||MI|W209212508~NM1|74|1||SATYA SAI NAGES~NM1|82|1|KETHA|SUMANA||||XX|1063835361~REF|1L|0820361-010-00001- A~REF|CE|AETNA CHOICE  POS II NET 00338~DTM|232|20151121~DTM|233|20151121~DTM|050|20160315~PER|CX||TE|8886323862~AMT|AU|130~SVC|HC^99214|130|96.15||1~DTM|472|20151121~CAS|CO|45|8.85~CAS|PR|3|25~REF|6R|1716378633Z1~AMT|B6|121.15~CLP|6166-5225|1|134|96.15|25|13|E0Y0RLYB10000|11|1~NM1|QC|1|VATTUMILLI|SATYA|SAI NAGES|||MI|W209212508~NM1|74|1||SATYA SAI NAGES~NM1|82|1|KETHA|SUMANA||||XX|1063835361~REF|1L|0820361-010-00001- A~REF|CE|AETNA CHOICE  POS II NET 00338~DTM|232|20151121~DTM|233|20151121~DTM|050|20160317~PER|CX||TE|8886323862~AMT|AU|134~SVC|HC^99214^25|130|96.15||1~DTM|472|20151121~CAS|CO|45|8.85~CAS|PR|3|25~REF|6R|1719142635Z1~AMT|B6|121.15~SVC|HC^99214|4|0||0|HC^94760|1~DTM|472|20151121~CAS|CO|97|4|1~REF|6R|1719142635Z2~AMT|B6|4~LQ|HE|N19~SE|91|0001~ST|835|0002~BPR|I|119.35|C|ACH|CCP|01|031100209|DA|0000009108|1066033492||01|111000025|DA|488038453432|20160401~TRN|1|816088580004178|1066033492~REF|EV|611340767~DTM|405|20160329~N1|PR|AETNA~N3|151 FARMINGTON AVENUE~N4|HARTFORD|CT|06156~N1|PE|KETHA, SUMANA|XX|1063835361~N3|2925 SKYWAY CIR N~N4|IRVING|TX|750383510~REF|PQ|762610840~REF|TJ|464596718~LX|1~TS3|1063835361|11|20161231|1|134~CLP|6097-5928|1|134|119.35|5|12|EWPBRNYWM0000|11|1~NM1|QC|1|BATLANKI|LAKSHMI||||MI|W225080962~NM1|82|1|KETHA|SUMANA||||XX|1063835361~REF|1L|0479384-010-00120-FN~REF|CE|AETNA OPEN ACCESS  ELECT CHOICE NET 08872~DTM|232|20160215~DTM|233|20160215~DTM|050|20160318~PER|CX||TE|8886323862~AMT|AU|134~SVC|HC^99214^25|130|116.15||1~DTM|472|20160215~CAS|CO|45|8.85~CAS|PR|3|5~REF|6R|1720406332Z1~AMT|B6|121.15~SVC|HC^99214|4|3.2||1|HC^94760~DTM|472|20160215~CAS|CO|45|.8~REF|6R|1720406332Z2~AMT|B6|3.2~SE|37|0002~GE|2|1882~IEA|1|000001887~