ISA|00|          |00|          |ZZ|ZIRMED         |ZZ|GATE0084       |160119|1446|U|00401|000001732|1|P|^~GS|HP|ZIRMED|GATE0084|20160119|1446|1727|X|004010X091A1~ST|835|0001~BPR|I|231.4|C|ACH|CCP|01|124384877|DA|1470858534|1411289245|000087726|01|111000025|DA|488038453432|20160121~TRN|1|1QG83572132|1411289245|000087726~DTM|405|20160115~N1|PR|UNITED HEALTHCARE INSURANCE COMPANY|XV|87726~N3|9900 BREN ROAD~N4|MINNETONKA|MN|553430000~REF|2U|87726~PER|CX|ATLANTA SERVICE CENTER|TE|8778423210~N1|PE|DFW GERIATRICS PLLC|XX|1063835361~N3|2925 SKYWAY CIR N~N4|IRVING|TX|750383510~REF|TJ|464596718~LX|1~TS3|1063835361|11|20161231|2|290~CLP|6176-4845|1|160|134.74||13|5756407233 0027133825|11|1~NM1|QC|1|GANGIREDDY|AMBIKA~NM1|IL|1|GANGIREDDY|AMBIKA||||MI|914267877~NM1|74|1||VISHNUKUMAR REDDY~NM1|82|1|KETHA|SUMANA||||XX|1962447805~MOA|||MA15~REF|1L|905047~REF|CE|CHOYC+~DTM|050|20151224~DTM|232|20151208~AMT|AU|160~SVC|HC^99385^25|160|134.74||1~DTM|472|20151208~CAS|CO|45|25.26~REF|6R|1644000679Z1~AMT|B6|134.74~CLP|432-4615|1|130|96.66|20|13|5782623725 0009427942|11|1~NM1|QC|1|SAMUTHIRAM|SIVAKUMAR~NM1|IL|1|SAMUTHIRAM|SIVAKUMAR||||MI|811572439~NM1|82|1|KETHA|SUMANA||||XX|1962447805~REF|CE|CHOYC+~REF|1L|717730~DTM|050|20160112~DTM|232|20151201~AMT|AU|130~SVC|HC^99214|130|96.66||1~DTM|472|20151201~CAS|CO|45|13.34~CAS|PR|3|20~REF|6R|1657893450Z1~AMT|B6|116.66~SE|47|0001~GE|1|1727~IEA|1|000001732~