ISA|00|          |00|          |ZZ|ZIRMED         |30|611340767      |160412|1009|U|00401|000001948|0|P|^~GS|HP|ZIRMED|611340767|20160412|1009|1943|X|004010X091A1~ST|835|0001~BPR|I|86.15|C|ACH|CCP|01|011900445|DA|0000009046|1066033492||01|111000025|DA|488038453432|20160415~TRN|1|816102550003178|1066033492~REF|EV|611340767~DTM|405|20160412~N1|PR|AETNA~N3|151 FARMINGTON AVENUE~N4|HARTFORD|CT|06156~N1|PE|KETHA, SUMANA|XX|1063835361~N3|2925 SKYWAY CIR N~N4|IRVING|TX|750383510~REF|PQ|762610840~REF|TJ|464596718~LX|1~TS3|1063835361|11|20161231|1|134~CLP|6167-6614|1|134|86.15|35|13|EQJLSNRNN0000|11|1~NM1|QC|1|VATTUMILLI|SRILAKSHMI||||MI|W209212508~NM1|74|1||SATYA SAI NAGES~NM1|82|1|KETHA|SUMANA||||XX|1063835361~REF|1L|0820361-012-00001- C~REF|CE|AETNA CHOICE  POS II NET 00338~DTM|232|20160329~DTM|233|20160329~DTM|050|20160331~PER|CX||TE|8886323862~AMT|AU|134~SVC|HC^99214^25|130|86.15||1~DTM|472|20160329~CAS|CO|45|8.85~CAS|PR|3|35~REF|6R|1733952805Z1~AMT|B6|121.15~SVC|HC^99214|4|0||0|HC^94760|1~DTM|472|20160329~CAS|CO|97|4|1~REF|6R|1733952805Z2~AMT|B6|4~LQ|HE|N19~SE|39|0001~GE|1|1943~IEA|1|000001948~