ISA|00|          |00|          |ZZ|ZIRMED         |29|E12705         |160311|0647|U|00401|000001825|0|P|^~GS|HP|ZIRMED|E12705|20160311|0647|1820|X|004010X091A1~ST|835|0001~BPR|I|1223.35|C|ACH|CCP|01|081517693|DA|152302017594|1205296137||01|111000025|DA|488038453432|20160311~TRN|1|892607712|1205296137~REF|EV|E12705~DTM|405|20160310~N1|PR|NOVITAS SOLUTIONS, INC.~N3|PO BOX 3110~N4|MECHANICSBURG|PA|170551826~REF|2U|04412~PER|CX||TE|8552528782~N1|PE|DFW GERIATRICS PLLC|XX|1063835361~N3|2925 SKYWAY CIRCLE NORTH~N4|IRVING|TX|750383510~REF|TJ|464596718~LX|1~CLP|420-5076|19|134|81.56|20.8|MB|2816057543190|11|1~NM1|QC|1|AGANON|ASTERIO||||HN|630768999A~NM1|82|1||||||XX|1962447805~NM1|TT|2|ASSURED LIFE ASSOCIATION|||||PI|30281~MOA|||MA01|MA18~DTM|050|20160226~SVC|HC^99214^25|130|81.56||1~DTM|472|20151216~CAS|CO|45|25.98||253|1.66~CAS|PR|2|20.8~REF|6R|1700229943Z1~REF|LU|11~AMT|B6|104.02~SVC|HC^94760|4|0||||1~DTM|472|20151216~CAS|CO|97|4~REF|6R|1700229943Z2~REF|LU|11~LQ|HE|M80~SVC|HC^G8418|0|0||||1~DTM|472|20151216~REF|6R|1700229943Z3~REF|LU|11~LQ|HE|N620~SVC|HC^G8427|0|0||||1~DTM|472|20151216~REF|6R|1700229943Z4~REF|LU|11~LQ|HE|N620~SVC|HC^G8754|0|0||||1~DTM|472|20151216~REF|6R|1700229943Z5~REF|LU|11~LQ|HE|N620~SVC|HC^G8752|0|0||||1~DTM|472|20151216~REF|6R|1700229943Z6~REF|LU|11~LQ|HE|N620~CLP|304-4061|1|148|92.29|23.54|MB|2816057543150|11|1~NM1|QC|1|CEPEDA|MARGIE||||HN|429762401A~NM1|82|1||||||XX|1962447805~MOA|||MA01|MA15~DTM|050|20160226~SVC|HC^99214^25|130|81.56||1~DTM|472|20151023~CAS|CO|45|25.98||253|1.66~CAS|PR|2|20.8~REF|6R|1700229532Z1~REF|LU|11~AMT|B6|104.02~SVC|HC^99406|18|10.73||1~DTM|472|20151023~CAS|CO|45|4.31||253|.22~CAS|PR|2|2.74~REF|6R|1700229532Z3~REF|LU|11~AMT|B6|13.69~SVC|HC^G8482|0|0||||1~DTM|472|20151023~REF|6R|1700229532Z4~REF|LU|11~LQ|HE|N620~SVC|HC^4040F|0|0||||1~DTM|472|20151023~REF|6R|1700229532Z5~REF|LU|11~LQ|HE|N620~SVC|HC^G8420|0|0||||1~DTM|472|20151023~REF|6R|1700229532Z6~REF|LU|11~LQ|HE|N620~SVC|HC^G8427|0|0||||1~DTM|472|20151023~REF|6R|1700229532Z7~REF|LU|11~LQ|HE|N620~SVC|HC^4004F|0|0||||1~DTM|472|20151023~REF|6R|1700229532Z8~REF|LU|11~LQ|HE|N620~SVC|HC^G8752|0|0||||1~DTM|472|20151023~REF|6R|1700229532Z9~REF|LU|11~LQ|HE|N620~SVC|HC^G8754|0|0||||1~DTM|472|20151023~REF|6R|1700229532Z10~REF|LU|11~LQ|HE|N620~CLP|304-5082|1|148|92.29|23.54|MB|2816057543160|11|1~NM1|QC|1|CEPEDA|MARGIE||||HN|429762401A~NM1|82|1||||||XX|1962447805~MOA|||MA01|MA15~DTM|050|20160226~SVC|HC^99214^25|130|81.56||1~DTM|472|20151216~CAS|CO|45|25.98||253|1.66~CAS|PR|2|20.8~REF|6R|1700229889Z1~REF|LU|11~AMT|B6|104.02~SVC|HC^G8482|0|0||||1~DTM|472|20151216~REF|6R|1700229889Z3~REF|LU|11~LQ|HE|N620~SVC|HC^4004F|0|0||||1~DTM|472|20151216~REF|6R|1700229889Z4~REF|LU|11~LQ|HE|N620~SVC|HC^4040F|0|0||||1~DTM|472|20151216~REF|6R|1700229889Z5~REF|LU|11~LQ|HE|N620~SVC|HC^G8427|0|0||||1~DTM|472|20151216~REF|6R|1700229889Z6~REF|LU|11~LQ|HE|N620~SVC|HC^G8754|0|0||||1~DTM|472|20151216~REF|6R|1700229889Z7~REF|LU|11~LQ|HE|N620~SVC|HC^G8752|0|0||||1~DTM|472|20151216~REF|6R|1700229889Z8~REF|LU|11~LQ|HE|N620~SVC|HC^G8420|0|0||||1~DTM|472|20151216~REF|6R|1700229889Z9~REF|LU|11~LQ|HE|N620~SVC|HC^99406|18|10.73||1~DTM|472|20151216~CAS|CO|45|4.31||253|.22~CAS|PR|2|2.74~REF|6R|1700229889Z10~REF|LU|11~AMT|B6|13.69~CLP|303-5077|19|130|81.56|20.8|MB|2816057543180|11|1~NM1|QC|1|CHAMATHIL|VARGHESE||||HN|455714580A~NM1|82|1||||||XX|1962447805~NM1|TT|2|MUTUAL OF OMAHA INSURANCE COMP|||||PI|30090~MOA|||MA01|MA15|MA18~DTM|050|20160226~SVC|HC^99214^25|130|81.56||1~DTM|472|20151216~CAS|CO|45|25.98||253|1.66~CAS|PR|2|20.8~REF|6R|1700229912Z1~REF|LU|11~AMT|B6|104.02~SVC|HC^G8427|0|0||||1~DTM|472|20151216~REF|6R|1700229912Z3~REF|LU|11~LQ|HE|N620~SVC|HC^G8420|0|0||||1~DTM|472|20151216~REF|6R|1700229912Z4~REF|LU|11~LQ|HE|N620~SVC|HC^G8752|0|0||||1~DTM|472|20151216~REF|6R|1700229912Z5~REF|LU|11~LQ|HE|N620~SVC|HC^G8754|0|0||||1~DTM|472|20151216~REF|6R|1700229912Z6~REF|LU|11~LQ|HE|N620~CLP|313-5081|19|152|92.29|23.54|MB|2816057543170|11|1~NM1|QC|1|FRICK|TERRY||||HN|467375415A~NM1|82|1||||||XX|1962447805~NM1|TT|2|ARKANSAS MEDICAID PROGRAM|||||PI|70017~MOA|||MA01|MA07~DTM|050|20160226~SVC|HC^99214^25|130|81.56||1~DTM|472|20151216~CAS|CO|45|25.98||253|1.66~CAS|PR|2|20.8~REF|6R|1700229906Z1~REF|LU|11~AMT|B6|104.02~SVC|HC^94760|4|0||||1~DTM|472|20151216~CAS|CO|97|4~REF|6R|1700229906Z2~REF|LU|11~LQ|HE|M80~SVC|HC^G8427|0|0||||1~DTM|472|20151216~REF|6R|1700229906Z3~REF|LU|11~LQ|HE|N620~SVC|HC^G8417|0|0||||1~DTM|472|20151216~REF|6R|1700229906Z4~REF|LU|11~LQ|HE|N620~SVC|HC^4004F|0|0||||1~DTM|472|20151216~REF|6R|1700229906Z5~REF|LU|11~LQ|HE|N620~SVC|HC^99406|18|10.73||1~DTM|472|20151216~CAS|CO|45|4.31||253|.22~CAS|PR|2|2.74~REF|6R|1700229906Z6~REF|LU|11~AMT|B6|13.69~CLP|307-5237|19|134|81.56|20.8|MB|2816057543120|11|1~NM1|QC|1|NEAL|CHESTER||||HN|441625131A~NM1|82|1||||||XX|1962447805~NM1|TT|2|TX HEALTH & HUMAN SERVICES COMMI|||||PI|70051~MOA|||MA01|MA07~DTM|050|20160226~SVC|HC^99214^25|130|81.56||1~DTM|472|20150918~CAS|CO|45|25.98||253|1.66~CAS|PR|2|20.8~REF|6R|1700229330Z1~REF|LU|11~AMT|B6|104.02~SVC|HC^94760|4|0||||1~DTM|472|20150918~CAS|CO|50|4~REF|6R|1700229330Z2~REF|LU|11~LQ|HE|M25~LQ|HE|N115~SVC|HC^G8427|0|0||||1~DTM|472|20150918~REF|6R|1700229330Z3~REF|LU|11~LQ|HE|N620~SVC|HC^G8417|0|0||||1~DTM|472|20150918~REF|6R|1700229330Z4~REF|LU|11~LQ|HE|N620~CLP|307-5056|19|134|81.56|20.8|MB|2816057543220|11|1~NM1|QC|1|NEAL|CHESTER||||HN|441625131A~NM1|82|1||||||XX|1962447805~NM1|TT|2|TX HEALTH & HUMAN SERVICES COMMI|||||PI|70051~MOA|||MA01|MA07~DTM|050|20160226~SVC|HC^99214^25|130|81.56||1~DTM|472|20151215~CAS|CO|45|25.98||253|1.66~CAS|PR|2|20.8~REF|6R|1700230346Z1~REF|LU|11~AMT|B6|104.02~SVC|HC^94760|4|0||||1~DTM|472|20151215~CAS|CO|50|4~REF|6R|1700230346Z2~REF|LU|11~LQ|HE|M25~LQ|HE|N115~SVC|HC^G8754|0|0||||1~DTM|472|20151215~REF|6R|1700230346Z3~REF|LU|11~LQ|HE|N620~SVC|HC^G8417|0|0||||1~DTM|472|20151215~REF|6R|1700230346Z4~REF|LU|11~LQ|HE|N620~SVC|HC^G8427|0|0||||1~DTM|472|20151215~REF|6R|1700230346Z5~REF|LU|11~LQ|HE|N620~CLP|314-4502|1|496|294|75|MB|2816057543130|11|1~NM1|QC|1|PALMER|LARRY||||HN|382562993A~NM1|82|1||||||XX|1962447805~MOA|||MA01~DTM|050|20160226~SVC|HC^99214^25|130|81.56||1~DTM|472|20151123~CAS|CO|45|25.98||253|1.66~CAS|PR|2|20.8~REF|6R|1700229373Z1~REF|LU|11~AMT|B6|104.02~SVC|HC^94760|4|0||||1~DTM|472|20151123~CAS|CO|50|4~REF|6R|1700229373Z2~REF|LU|11~LQ|HE|M25~LQ|HE|N115~SVC|HC^95923|252|145.78||1~DTM|472|20151123~CAS|CO|45|66.05||253|2.98~CAS|PR|2|37.19~REF|6R|1700229373Z3~REF|LU|11~AMT|B6|185.95~SVC|HC^95921|110|66.66||1~DTM|472|20151123~CAS|CO|45|24.97||253|1.36~CAS|PR|2|17.01~REF|6R|1700229373Z4~REF|LU|11~AMT|B6|85.03~SVC|HC^G8427|0|0||||1~DTM|472|20151123~REF|6R|1700229373Z5~REF|LU|11~LQ|HE|N620~SVC|HC^G8754|0|0||||1~DTM|472|20151123~REF|6R|1700229373Z6~REF|LU|11~LQ|HE|N620~SVC|HC^G8752|0|0||||1~DTM|472|20151123~REF|6R|1700229373Z7~REF|LU|11~LQ|HE|N620~SVC|HC^G8420|0|0||||1~DTM|472|20151123~REF|6R|1700229373Z8~REF|LU|11~LQ|HE|N620~CLP|314-4072|1|134|81.56|20.8|MB|2816057543140|11|1~NM1|QC|1|PALMER|LARRY||||HN|382562993A~NM1|82|1||||||XX|1962447805~MOA|||MA01~DTM|050|20160226~SVC|HC^99214^25|130|81.56||1~DTM|472|20151027~CAS|CO|45|25.98||253|1.66~CAS|PR|2|20.8~REF|6R|1700229431Z1~REF|LU|11~AMT|B6|104.02~SVC|HC^94760|4|0||||1~DTM|472|20151027~CAS|CO|50|4~REF|6R|1700229431Z2~REF|LU|11~LQ|HE|M25~LQ|HE|N115~SVC|HC^G8427|0|0||||1~DTM|472|20151027~REF|6R|1700229431Z3~REF|LU|11~LQ|HE|N620~CLP|382-5058|1|134|81.56|20.8|MB|2816057543200|11|1~NM1|QC|1|TODD|LANA||||HN|449755855A~NM1|82|1||||||XX|1962447805~MOA|||MA01~DTM|050|20160226~SVC|HC^99214^25|130|81.56||1~DTM|472|20151215~CAS|CO|45|25.98||253|1.66~CAS|PR|2|20.8~REF|6R|1700230076Z1~REF|LU|11~AMT|B6|104.02~SVC|HC^94760|4|0||||1~DTM|472|20151215~CAS|CO|97|4~REF|6R|1700230076Z2~REF|LU|11~LQ|HE|M80~SVC|HC^G8427|0|0||||1~DTM|472|20151215~REF|6R|1700230076Z3~REF|LU|11~LQ|HE|N620~SVC|HC^G8417|0|0||||1~DTM|472|20151215~REF|6R|1700230076Z4~REF|LU|11~LQ|HE|N620~SVC|HC^G8752|0|0||||1~DTM|472|20151215~REF|6R|1700230076Z5~REF|LU|11~LQ|HE|N620~SVC|HC^G8754|0|0||||1~DTM|472|20151215~REF|6R|1700230076Z6~REF|LU|11~LQ|HE|N620~SVC|HC^1036F|0|0||||1~DTM|472|20151215~REF|6R|1700230076Z7~REF|LU|11~LQ|HE|N620~CLP|418-5060|1|130|81.56|20.8|MB|2816057543210|11|1~NM1|QC|1|TODD|MICHAEL|S|||HN|466453707A~NM1|82|1||||||XX|1962447805~MOA|||MA01|MA15~DTM|050|20160226~SVC|HC^99214^25|130|81.56||1~DTM|472|20151215~CAS|CO|45|25.98||253|1.66~CAS|PR|2|20.8~REF|6R|1700230156Z1~REF|LU|11~AMT|B6|104.02~SVC|HC^G8427|0|0||||1~DTM|472|20151215~REF|6R|1700230156Z3~REF|LU|11~LQ|HE|N620~SVC|HC^G8417|0|0||||1~DTM|472|20151215~REF|6R|1700230156Z4~REF|LU|11~LQ|HE|N620~SVC|HC^G8482|0|0||||1~DTM|472|20151215~REF|6R|1700230156Z5~REF|LU|11~LQ|HE|N620~CLP|309-5243|19|134|81.56|20.8|MB|2816057543110|11|1~NM1|QC|1|VANDERPOL|ADRIAN||||HN|466297262A~NM1|82|1||||||XX|1962447805~NM1|TT|2|TX HEALTH & HUMAN SERVICES COMMI|||||PI|70051~MOA|||MA01|MA07~DTM|050|20160226~SVC|HC^99214^25|130|81.56||1~DTM|472|20150730~CAS|CO|45|25.98||253|1.66~CAS|PR|2|20.8~REF|6R|1700229243Z1~REF|LU|11~AMT|B6|104.02~SVC|HC^94760|4|0||||1~DTM|472|20150730~CAS|CO|97|4~REF|6R|1700229243Z2~REF|LU|11~LQ|HE|M80~SE|468|0001~GE|1|1820~IEA|1|000001825~