ISA|00|          |00|          |ZZ|ZIRMED         |29|E12705         |160303|0759|U|00401|000001817|0|P|^~GS|HP|ZIRMED|E12705|20160303|0759|1812|X|004010X091A1~ST|835|0001~BPR|I|106.76|C|ACH|CCP|01|081517693|DA|152302017594|1205296137||01|111000025|DA|488038453432|20160303~TRN|1|892551475|1205296137~REF|EV|E12705~DTM|405|20160302~N1|PR|NOVITAS SOLUTIONS, INC.~N3|PO BOX 3110~N4|MECHANICSBURG|PA|170551826~REF|2U|04412~PER|CX||TE|8552528782~N1|PE|DFW GERIATRICS PLLC|XX|1063835361~N3|2925 SKYWAY CIRCLE NORTH~N4|IRVING|TX|750383510~REF|TJ|464596718~LX|1~CLP|5129-4804|1|188|25.2||MB|2816049364350|01|1~NM1|QC|1|KHAN|MUHAMMAD||||HN|643804253A~NM1|82|1||||||XX|1962447805~MOA|||MA01~DTM|050|20160218~SVC|HC^99214^25|130|0||||1~DTM|472|20151207~CAS|CO|58|130~REF|6R|1692722872Z1~REF|LU|01~SVC|HC^94760|4|0||||1~DTM|472|20151207~CAS|CO|58|4~REF|6R|1692722872Z2~REF|LU|01~SVC|HC^90654|23|0||||1~DTM|472|20151207~CAS|CO|58|23~REF|6R|1692722872Z3~REF|LU|01~SVC|HC^G0008|31|25.2||1~DTM|472|20151207~CAS|CO|45|5.29||253|.51~REF|6R|1692722872Z4~REF|LU|01~AMT|B6|25.71~CLP|418-4617|1|130|81.56|20.8|MB|2816049364320|11|1~NM1|QC|1|TODD|MICHAEL|S|||HN|466453707A~NM1|82|1||||||XX|1962447805~MOA|||MA01|MA15~DTM|050|20160218~SVC|HC^99214^25|130|81.56||1~DTM|472|20151201~CAS|CO|45|25.98||253|1.66~CAS|PR|2|20.8~REF|6R|1692722533Z1~REF|LU|11~AMT|B6|104.02~SVC|HC^G8417|0|0||||1~DTM|472|20151201~REF|6R|1692722533Z3~REF|LU|11~LQ|HE|N620~SVC|HC^G8427|0|0||||1~DTM|472|20151201~REF|6R|1692722533Z4~REF|LU|11~LQ|HE|N620~SVC|HC^G8482|0|0||||1~DTM|472|20151201~REF|6R|1692722533Z5~REF|LU|11~LQ|HE|N620~SE|69|0001~GE|1|1812~IEA|1|000001817~