ISA|00|          |00|          |ZZ|ZIRMED         |ZZ|11             |160406|1459|U|00401|000001931|0|P|^~GS|HP|ZIRMED|FIS123456789|20160406|1459|1926|X|004010X091A1~ST|835|0001~BPR|H|0|C|NON||||||||||||20160404~TRN|1|CHKHST20690245|1201494502~REF|EV|FIS123456789~REF|F2|TXMC QNXT~DTM|405|20160404~N1|PR|MOLINA HEALTHCARE OF TEXAS, INC~N3|2505 N. STATE HIGHWAY 360|STE 300~N4|GRAND PRAIRIE|TX|75050~N1|PE|DFW PRIMARY CARE PLLC|XX|1063835361~N3|2925 SKYWAY CICLE NORTH~N4|IRVING|TX|750383510~REF|TJ|464596718~LX|1~CLP|2016-6529|1|28|0||MC|16092935315~NM1|QC|1|GILHART|JOHN|C|||MI|530427610~NM1|82|1|KETHA|SUMANA||||XX|1962447805~REF|CE|TQMBPL6979~DTM|232|20160318~DTM|233|20160318~DTM|050|20160401~SVC|HC^99211^25|24|0||1~DTM|472|20160318~CAS|CO|A1|24~REF|6R|1733952766Z1~LQ|HE|N657~SVC|HC^94760|4|0||1~DTM|472|20160318~CAS|CO|A1|4~REF|6R|1733952766Z2~LQ|HE|N657~CLP|2016-6577|1|134|0||MC|16092935320~NM1|QC|1|GILHART|JOHN|C|||MI|530427610~NM1|82|1|KETHA|SUMANA||||XX|1962447805~REF|CE|TQMBPL6979~DTM|232|20160325~DTM|233|20160325~DTM|050|20160401~SVC|HC^99214^25|130|0||1~DTM|472|20160325~CAS|CO|A1|130~REF|6R|1733952769Z1~LQ|HE|N657~SVC|HC^94760|4|0||1~DTM|472|20160325~CAS|CO|A1|4~REF|6R|1733952769Z2~LQ|HE|N657~CLP|6227-6615|1|134|0||MC|16092935345~NM1|QC|1|MABIN|ROBERT|J|||MI|624287844~NM1|74|1|MABINJR~NM1|82|1|KETHA|SUMANA||||XX|1962447805~REF|CE|TQMBPL6979~DTM|232|20160329~DTM|233|20160329~DTM|050|20160401~SVC|HC^99214^25|130|0||1~DTM|472|20160329~CAS|CO|A1|130~REF|6R|1733952809Z1~LQ|HE|N657~SVC|HC^94760|4|0||1~DTM|472|20160329~CAS|CO|A1|4~REF|6R|1733952809Z2~LQ|HE|N657~SE|67|0001~ST|835|0002~BPR|I|847.54|C|ACH|CCP|01|092904554|DA|150097034071|1201494502||01|111000025|DA|488038453432|20160405~TRN|1|EFT3315999|1201494502~REF|EV|FIS123456789~REF|F2|TXMC QNXT~DTM|405|20160404~N1|PR|MOLINA HEALTHCARE OF TEXAS, INC~N3|2505 N. STATE HIGHWAY 360|STE 300~N4|GRAND PRAIRIE|TX|75050~N1|PE|DFW PRIMARY CARE PLLC|XX|1063835361~N3|2925 SKYWAY CICLE NORTH~N4|IRVING|TX|750383510~REF|TJ|464596718~LX|1~CLP|6247-5913|1|145|120.02||MC|16084925872~NM1|QC|1|JAIN|NISHA||||MI|0001982162~NM1|74|1||||||C|0002474676~NM1|82|1|KETHA|SUMANA||||XX|1962447805~REF|CE|45786002000206~DTM|232|20160215~DTM|233|20160215~DTM|050|20160324~AMT|AU|145~SVC|HC^99395|145|120.02||1~DTM|472|20160215~CAS|CO|45|24.98~REF|6R|1725393018Z1~AMT|B6|120.02~CLP|6186-5502|1|220|0||MC|16092935306~NM1|QC|1|BHATIA|VIJAY KUMAR|KUMAR|||MI|0002881410~NM1|74|1||VIJAY~NM1|82|1|KETHA|SUMANA||||XX|1962447805~REF|CE|45786002000201~DTM|232|20160118~DTM|233|20160118~DTM|050|20160401~SVC|HC^99385^25|160|0||1~DTM|472|20160118~CAS|OA|18|160~REF|6R|1733935002Z1~SVC|HC^90471|33|0||1~DTM|472|20160118~CAS|OA|18|33~REF|6R|1733935002Z2~SVC|HC^90654|23|0||1~DTM|472|20160118~CAS|OA|18|23~REF|6R|1733935002Z3~SVC|HC^94760|4|0||1~DTM|472|20160118~CAS|OA|18|4~REF|6R|1733935002Z4~CLP|6271-6467|1|159|131.1||MC|16092935310~NM1|QC|1|WASIUDDIN|MD||||MI|0003669102~NM1|82|1|KETHA|SUMANA||||XX|1962447805~REF|CE|45786002000206~DTM|232|20160321~DTM|233|20160321~DTM|050|20160401~AMT|AU|159~SVC|HC^99396^25|155|127.93||1~DTM|472|20160321~CAS|CO|45|27.07~REF|6R|1733952760Z1~AMT|B6|127.93~SVC|HC^94760|4|3.17||1~DTM|472|20160321~CAS|CO|45|.83~REF|6R|1733952760Z2~AMT|B6|3.17~CLP|6299-6585|1|92|76.95||MC|16092935325~NM1|QC|1|ELFAWAIR|FAIZAH||||MI|0003008785~NM1|82|1|KETHA|SUMANA||||XX|1962447805~REF|CE|45786002000206~DTM|232|20160325~DTM|233|20160325~DTM|050|20160401~AMT|AU|92~SVC|HC^99213^25|88|73.78||1~DTM|472|20160325~CAS|CO|45|14.22~REF|6R|1733952778Z1~AMT|B6|73.78~SVC|HC^94760|4|3.17||1~DTM|472|20160325~CAS|CO|45|.83~REF|6R|1733952778Z2~AMT|B6|3.17~CLP|6241-6587|1|134|111.91||MC|16092935330~NM1|QC|1|DUGUMA|ARARSO||||MI|0002742616~NM1|82|1|KETHA|SUMANA||||XX|1962447805~REF|CE|45786002000206~DTM|232|20160325~DTM|233|20160325~DTM|050|20160401~AMT|AU|134~SVC|HC^99214^25|130|108.74||1~DTM|472|20160325~CAS|CO|45|21.26~REF|6R|1733952781Z1~AMT|B6|108.74~SVC|HC^94760|4|3.17||1~DTM|472|20160325~CAS|CO|45|.83~REF|6R|1733952781Z2~AMT|B6|3.17~CLP|6308-6605|1|145|120.02||MC|16092935335~NM1|QC|1|LAMSAL|MANOJ||||MI|0003332270~NM1|82|1|KETHA|SUMANA||||XX|1962447805~REF|CE|45786002000206~DTM|232|20160328~DTM|233|20160328~DTM|050|20160401~AMT|AU|145~SVC|HC^99395|145|120.02||1~DTM|472|20160328~CAS|CO|45|24.98~REF|6R|1733952793Z1~AMT|B6|120.02~CLP|6310-6606|1|190|154.55|3.17|MC|16092935340~NM1|QC|1|NAVA|ELVA||||MI|0002768883~NM1|82|1|KETHA|SUMANA||||XX|1962447805~REF|CE|45786002000205~DTM|232|20160328~DTM|233|20160328~DTM|050|20160401~AMT|AU|186.83~SVC|HC^99386^25|186|154.55||1~DTM|472|20160328~CAS|CO|45|31.45~REF|6R|1733952798Z1~AMT|B6|154.55~SVC|HC^94760|4|0||1~DTM|472|20160328~CAS|CO|45|.83~CAS|PR|3|3.17~REF|6R|1733952798Z2~AMT|B6|3.17~CLP|6275-6620|1|164|132.99|3.17|MC|16092935355~NM1|QC|1|ACHARYA|MANU||||MI|0002545371~NM1|82|1|KETHA|SUMANA||||XX|1962447805~REF|CE|45786002000205~DTM|232|20160329~DTM|233|20160329~DTM|050|20160401~AMT|AU|160.83~SVC|HC^99385^25|160|132.99||1~DTM|472|20160329~CAS|CO|45|27.01~REF|6R|1733952827Z1~AMT|B6|132.99~SVC|HC^94760|4|0||1~DTM|472|20160329~CAS|CO|45|.83~CAS|PR|3|3.17~REF|6R|1733952827Z2~AMT|B6|3.17~SE|158|0002~GE|2|1926~IEA|1|000001931~