ISA|00|          |00|          |ZZ|ZIRMED         |ZZ|AV09311993     |160330|1538|U|00401|000001895|0|P|^~GS|HP|ZIRMED|AV01101957|20160330|1538|1890|X|004010X091A1~ST|835|0001~BPR|I|507.29|C|CHK||||||||||||20160329~TRN|1|C16089345347960|1361236610|CP201603293453479600~REF|EV|TX8355010~DTM|405|20160329~N1|PR|BLUECROSS BLUESHIELD OF TEXAS~N3|P O BOX 660044~N4|DALLAS|TX|752660044~REF|2U|G84980~N1|PE|DFW GERIATRICS PLLC|XX|1063835361~N3|2925 SKYWAY CIR N~N4|IRVING|TX|750383510~REF|TJ|464596718~LX|1~CLP|5678-5778|1|134|75.75|38|12|02016077504W4170X00|11|1~NM1|QC|1|HARRIS|MARY||||MI|UXE905620421~NM1|82|1|KETHA|SUMANA||||XX|1962447805~REF|1L|000ZGPPOX0000~REF|CE|PREFERRED PROVIDER ORGANIZATION~DTM|232|20160202~DTM|233|20160202~DTM|050|20160317~AMT|AU|113.75~SVC|HC^99214^25|130|75.75||1~DTM|472|20160202~CAS|CO|45|16.25~CAS|PR|2|38~REF|6R|1719206690Z1~AMT|B6|113.75~SVC|HC^94760|4|0||1~DTM|472|20160202~CAS|CO|97|4~REF|6R|1719206690Z2~LQ|HE|M15~LX|2~CLP|5678-5346|1|134|75.75|38|12|02016077504W5120X00|11|1~NM1|QC|1|HARRIS|MARY||||MI|UXE905620421~NM1|82|1|KETHA|SUMANA||||XX|1962447805~REF|1L|000ZGPPOX0000~REF|CE|PREFERRED PROVIDER ORGANIZATION~DTM|232|20160108~DTM|233|20160108~DTM|050|20160317~AMT|AU|113.75~SVC|HC^99214^25|130|75.75||1~DTM|472|20160108~CAS|CO|45|16.25~CAS|PR|2|38~REF|6R|1719245741Z1~AMT|B6|113.75~SVC|HC^94760|4|0||1~DTM|472|20160108~CAS|CO|97|4~REF|6R|1719245741Z2~LQ|HE|M15~LX|3~CLP|5678-5968|1|134|75.75|38|12|02016077504W7900X00|11|1~NM1|QC|1|HARRIS|MARY||||MI|UXE905620421~NM1|82|1|KETHA|SUMANA||||XX|1962447805~REF|1L|000ZGPPOX0000~REF|CE|PREFERRED PROVIDER ORGANIZATION~DTM|232|20160216~DTM|233|20160216~DTM|050|20160317~AMT|AU|113.75~SVC|HC^99214^25|130|75.75||1~DTM|472|20160216~CAS|CO|45|16.25~CAS|PR|2|38~REF|6R|1719206703Z1~AMT|B6|113.75~SVC|HC^94760|4|0||1~DTM|472|20160216~CAS|CO|97|4~REF|6R|1719206703Z2~LQ|HE|M15~LX|4~CLP|6244-5993|1|164|140.02||12|02016077504W4200X00|11|1~NM1|QC|1|MOHAMMAD|ASIF||||MI|HRJHC0001312~NM1|82|1|KETHA|SUMANA||||XX|1962447805~REF|1L|000ZGPPOX0000~REF|CE|PREFERRED PROVIDER ORGANIZATION~DTM|232|20160218~DTM|233|20160218~DTM|050|20160317~AMT|AU|140.02~SVC|HC^99385^25|160|140.02||1~DTM|472|20160218~CAS|CO|45|19.98~REF|6R|1719206706Z1~AMT|B6|140.02~SVC|HC^94760|4|0||1~DTM|472|20160218~CAS|CO|97|4~REF|6R|1719206706Z2~LQ|HE|M15~LX|5~CLP|6243-5992|1|164|140.02||12|02016077504W5130X00|11|1~NM1|QC|1|PARVEEN|MAIMOONA||||MI|HRJHC0001312~NM1|82|1|KETHA|SUMANA||||XX|1962447805~REF|1L|000ZGPPOX0000~REF|CE|PREFERRED PROVIDER ORGANIZATION~DTM|232|20160218~DTM|233|20160218~DTM|050|20160317~AMT|AU|140.02~SVC|HC^99385^25|160|140.02||1~DTM|472|20160218~CAS|CO|45|19.98~REF|6R|1719206705Z1~AMT|B6|140.02~SVC|HC^94760|4|0||1~DTM|472|20160218~CAS|CO|97|4~REF|6R|1719206705Z2~LQ|HE|M15~SE|117|0001~GE|1|1890~IEA|1|000001895~