ISA|00|          |00|          |ZZ|ZIRMED         |ZZ|AV09311993     |160119|1226|}|00501|000001731|0|P|^~GS|HP|ZIRMED|AV01101957|20160119|1226|1726|X|005010X221A1~ST|835|0001~BPR|I|107.3|C|CHK||||||||||||20160118~TRN|1|001972568|1610647538~REF|EV|030240928~DTM|405|20160118~N1|PR|HUMANA INC.|XV|610647538~N3|P.O. BOX 14601~N4|LEXINGTON|KY|405124601~PER|BL~N1|PE|DFW GERIATRICS PLLC|XX|1063835361~N3|2925 SKYWAY CIR N~N4|IRVING|TX|750383510~REF|PQ|338034~REF|TJ|464596718~LX|1~TS3|1962447805|11|20161231|1|130~CLP|409-4623|1|130|107.3||16|164139124|11|1~NM1|QC|1|ANDERSON|RANDY||||MI|H41342876~NM1|74|1|ANDERSON|RANDY||||C|H41342876~NM1|82|1|KETHA|SUMANA||||XX|1962447805~REF|1L|0Q321419~REF|CE|MEDICARE ADVANTAGE HMO~DTM|232|20151201~DTM|233|20151201~DTM|050|20160112~PER|CX|HEMET COMMUNITY MEDICAL GROUP|TE|9517911111~SVC|HC^99214|130|107.3||1~DTM|472|20151201~CAS|CO|253|2.19||45|20.51~REF|6R|1657893454Z1~AMT|B6|109.49~SE|32|0001~GE|1|1726~IEA|1|000001731~