ISA|00|          |00|          |ZZ|ZIRMED         |29|E12705         |160225|0642|U|00401|000001801|0|P|^~GS|HP|ZIRMED|E12705|20160225|0642|1796|X|004010X091A1~ST|835|0001~BPR|I|515.84|C|ACH|CCP|01|081517693|DA|152302017594|1205296137||01|111000025|DA|488038453432|20160225~TRN|1|892506918|1205296137~REF|EV|E12705~DTM|405|20160224~N1|PR|NOVITAS SOLUTIONS, INC.~N3|PO BOX 3110~N4|MECHANICSBURG|PA|170551826~REF|2U|04412~PER|CX||TE|8552528782~N1|PE|DFW GERIATRICS PLLC|XX|1063835361~N3|2925 SKYWAY CIRCLE NORTH~N4|IRVING|TX|750383510~REF|TJ|464596718~LX|1~CLP|3448-5232|1|179|144.76||MB|2916042341910|11|1~NM1|QC|1|KANE|CAROL||||HN|479508927D~NM1|82|1||||||XX|1962447805~MOA|||MA01~DTM|050|20160211~SVC|HC^G0439^25|135|110.38||1~DTM|472|20151230~CAS|CO|45|22.37||253|2.25~REF|6R|1685761950Z1~REF|LU|11~AMT|B6|112.63~SVC|HC^G0444|22|17.19||1~DTM|472|20151230~CAS|CO|45|4.46||253|.35~REF|6R|1685761950Z2~REF|LU|11~AMT|B6|17.54~SVC|HC^G0442|22|17.19||1~DTM|472|20151230~CAS|CO|45|4.46||253|.35~REF|6R|1685761950Z3~REF|LU|11~AMT|B6|17.54~CLP|417-5228|1|179|144.76||MB|2916042341870|11|1~NM1|QC|1|MACDONALD|JOHN||||HN|461941697A~NM1|82|1||||||XX|1962447805~MOA|||MA01~DTM|050|20160211~SVC|HC^G0439^25|135|110.38||1~DTM|472|20151230~CAS|CO|45|22.37||253|2.25~REF|6R|1685761946Z1~REF|LU|11~AMT|B6|112.63~SVC|HC^G0444|22|17.19||1~DTM|472|20151230~CAS|CO|45|4.46||253|.35~REF|6R|1685761946Z2~REF|LU|11~AMT|B6|17.54~SVC|HC^G0442|22|17.19||1~DTM|472|20151230~CAS|CO|45|4.46||253|.35~REF|6R|1685761946Z3~REF|LU|11~AMT|B6|17.54~CLP|612-5229|1|179|144.76||MB|2916042341890|11|1~NM1|QC|1|MOODY|LONNIE||||HN|462026222A~NM1|82|1||||||XX|1962447805~MOA|||MA01~DTM|050|20160211~SVC|HC^G0439^25|135|110.38||1~DTM|472|20151230~CAS|CO|45|22.37||253|2.25~REF|6R|1685761947Z1~REF|LU|11~AMT|B6|112.63~SVC|HC^G0444|22|17.19||1~DTM|472|20151230~CAS|CO|45|4.46||253|.35~REF|6R|1685761947Z2~REF|LU|11~AMT|B6|17.54~SVC|HC^G0442|22|17.19||1~DTM|472|20151230~CAS|CO|45|4.46||253|.35~REF|6R|1685761947Z3~REF|LU|11~AMT|B6|17.54~CLP|349-4990|1|134|81.56|20.8|MB|2916042341930|11|1~NM1|QC|1|NEAL|MENFORD||||HN|458524052A~NM1|82|1||||||XX|1962447805~MOA|||MA01~DTM|050|20160211~SVC|HC^99214^25|130|81.56||1~DTM|472|20151211~CAS|CO|45|25.98||253|1.66~CAS|PR|2|20.8~REF|6R|1685777275Z1~REF|LU|11~AMT|B6|104.02~SVC|HC^94760|4|0||||1~DTM|472|20151211~CAS|CO|50|4~REF|6R|1685777275Z2~REF|LU|11~LQ|HE|M25~LQ|HE|N115~SE|104|0001~GE|1|1796~IEA|1|000001801~