ISA|00|          |00|          |ZZ|ZIRMED         |ZZ|PAYER          |160301|0946|U|00401|000001811|0|P|^~GS|HP|ZIRMED|PROVIDERHIS|20160301|0946|1806|X|004010X091A1~ST|835|0001~BPR|I|206.57|C|ACH|CCP|01|061000104|DA|1000187147243|1742770542||01|111000025|DA|488038453432|20160301~TRN|1|0901812906|1742770542~REF|EV|999999999999999~DTM|405|20160301~N1|PR|SUPERIOR HEALTH PLAN~N3|6070 GATEWAY EAST|SUITE 400~N4|EL PASO|TX|79905~PER|CX||TE|8002252573~N1|PE|DFW GERIATRICS PLLC|XX|1063835361~N3|2925 SKWY CIR N~N4|IRVING|TX|75038~REF|TJ|464596718~LX|1~CLP|6138-5488|2|174|30.75||HM|P056TXE04014|11|E~NM1|QC|1|DELESMA|BETTY||||MR|513143714~NM1|IL|1|DELESMA|BETTY||||MI|00192643201~NM1|82|1|KETHA|SUMANA||||XX|1962447805~REF|EA|000000001495~REF|G2|168813~SVC|HC^99215|174|30.75||1~DTM|472|20160115~CAS|CO|45|22.7~CAS|OA|23|120.55~REF|6R|1692732716Z1~REF|HPI|1962447805~AMT|B6|151.3~LQ|HE|N420~LX|2~CLP|384-5337|2|130|114.18||HM|P056TXE03650|11|E~NM1|QC|1|DRAKEJR|THOMAS||||MR|626357713~NM1|IL|1|DRAKEJR|THOMAS||||MI|00325808501~NM1|82|1|KETHA|SUMANA||||XX|1962447805~REF|EA|000000001496~REF|G2|168813~SVC|HC^99214^25|130|114.18||1~DTM|472|20160108~CAS|CO|45|15.82~REF|6R|1692724623Z1~REF|HPI|1962447805~AMT|B6|114.18~LQ|HE|N420~LX|3~CLP|384-5607|2|130|64.29||HM|P056TXE03655|11|E~NM1|QC|1|DRAKEJR|THOMAS||||MR|626357713~NM1|IL|1|DRAKEJR|THOMAS||||MI|00325808501~NM1|82|1|KETHA|SUMANA||||XX|1962447805~REF|EA|000000001497~REF|G2|168813~SVC|HC^99214|130|64.29||1~DTM|472|20160122~CAS|CO|45|16.82~CAS|OA|23|48.89~REF|6R|1692732735Z1~REF|HPI|1962447805~AMT|B6|113.18~LQ|HE|N420~PLB|168813|20161231|WO^20160301|2.65~SE|59|0001~GE|1|1806~IEA|1|000001811~