ISA|00|          |00|          |ZZ|ZIRMED         |ZZ|PAYER          |160212|1438|U|00401|000001757|0|P|^~GS|HP|ZIRMED|PROVIDERHIS|20160212|1438|1752|X|004010X091A1~ST|835|0001~BPR|I|250.11|C|ACH|CCP|01|061000104|DA|1000187147243|1742770542||01|111000025|DA|488038453432|20160212~TRN|1|0900023067|1742770542~REF|EV|999999999999999~DTM|405|20160212~N1|PR|ADVANTAGE BY SUPERIOR~N3|2100 SOUTH IH 35, SUITE 202~N4|AUSTIN|TX|78704~PER|CX||TE|8002252573~N1|PE|DFW GERIATRICS PLLC|XX|1063835361~N3|2925 SKWY CIR N~N4|IRVING|TX|75038~REF|TJ|464596718~LX|1~CLP|6140-4274|1|130|90.13|22.99|HM|P041MCE04325|11|E~NM1|QC|1|BERRY|CORDELIA I||||MR|C0008205901~NM1|IL|1|BERRY|CORDELIA|I|||MI|C0008205901~NM1|82|1|KETHA|SUMANA||||XX|1962447805~REF|EA|000000000486~REF|G2|690002~SVC|HC^99214^25|130|90.13||1~DTM|472|20151112~CAS|CO|45|15.04||44|1.84~CAS|PR|2|22.99|1~REF|6R|1685920519Z1~REF|HPI|1962447805~AMT|B6|114.96~SVC|HC^G8427|0|0||1~DTM|472|20151112~REF|6R|1685920519Z2~REF|HPI|1962447805~LX|2~CLP|6138-5230|1|179|159.98||HM|P041MCE04416|11|E~NM1|QC|1|DELESMA|BETTY A||||MR|C0008217601~NM1|IL|1|DELESMA|BETTY|A|||MI|C0008217601~NM1|82|1|KETHA|SUMANA||||XX|1962447805~REF|EA|000000000487~REF|G2|690002~SVC|HC^G0439^25|135|122||1~DTM|472|20151230~CAS|CO|45|10.51||44|2.49~REF|6R|1685761948Z1~REF|HPI|1962447805~AMT|B6|124.49~SVC|HC^G0444|22|18.99||1~DTM|472|20151230~CAS|CO|45|2.62||44|.39~REF|6R|1685761948Z2~REF|HPI|1962447805~AMT|B6|19.38~SVC|HC^G0442|22|18.99||1~DTM|472|20151230~CAS|CO|45|2.62||44|.39~REF|6R|1685761948Z3~REF|HPI|1962447805~AMT|B6|19.38~SE|57|0001~GE|1|1752~IEA|1|000001757~