ISA|00|          |00|          |ZZ|ZIRMED         |29|E12705         |160331|1508|U|00401|000001907|0|P|^~GS|HP|ZIRMED|E12705|20160331|1508|1902|X|004010X091A1~ST|835|0001~BPR|I|15.11|C|ACH|CCP|01|081517693|DA|152302017594|1205296137||01|111000025|DA|488038453432|20160331~TRN|1|892740124|1205296137~REF|EV|E12705~DTM|405|20160330~N1|PR|NOVITAS SOLUTIONS, INC.~N3|PO BOX 3110~N4|MECHANICSBURG|PA|170551826~REF|2U|04412~PER|CX||TE|8552528782~N1|PE|DFW GERIATRICS PLLC|XX|1063835361~N3|2925 SKYWAY CIRCLE NORTH~N4|IRVING|TX|750383510~REF|TJ|464596718~LX|1~CLP|314-5184|1|24|15.11|3.85|MB|2816077158820|11|1~NM1|QC|1|PALMER|LARRY||||HN|382562993A~NM1|82|1||||||XX|1962447805~MOA|||MA01~DTM|050|20160317~SVC|HC^99211|24|15.11||1~DTM|472|20151202~CAS|CO|45|4.73||253|.31~CAS|PR|2|3.85~REF|6R|1719345737Z1~REF|LU|11~AMT|B6|19.27~SE|28|0001~GE|1|1902~IEA|1|000001907~