ISA|00|          |00|          |ZZ|ZIRMED         |ZZ|PAYER          |160408|1405|U|00401|000001941|0|P|^~GS|HP|ZIRMED|PROVIDERHIS|20160408|1405|1936|X|004010X091A1~ST|835|0001~BPR|I|569.04|C|ACH|CCP|01|111000614|DA|708031463|1208058761||01|111000025|DA|488038453432|20160408~TRN|1|1001031922|1208058761~REF|EV|472325~N1|PR|WELLCARE OF TEXAS, INC.|XV|208058761~N3|P.O. BOX 31370~N4|TAMPA|FL|33631~REF|2U|TMR~N1|PE|DFW GERIATRICS PLLC|FI|464596718~N3|2925 SKYWAY CIRCLE NORTH~N4|IRVING|TX|75038~LX|1~TS3|464596718|11|20161231|3|760~CLP|6092-5627|1|496|345.24|30|MB|617644657~NM1|QC|1|JONES|SHIRLEY|J|||MI|16586372~NM1|82|1|KETHA|SUMANA||||XX|1962447805~REF|G2|520919~DTM|232|20160125~AMT|AU|385.61~SVC|HC^99214^25|130|107||1~DTM|472|20160125~CAS|CO|45|15.82~CAS|PI|253|2.18~CAS|PR|3|5~REF|6R|1736730192Z1~AMT|B6|114.18~SVC|HC^94760|4|0||0||1~DTM|472|20160125~CAS|CO|234|4|1~REF|6R|1736730192Z2~AMT|B6|3.33~LQ|HE|M15~SVC|HC^95921|110|66.06||1~DTM|472|20160125~CAS|CO|45|17.59~CAS|PI|253|1.35~CAS|PR|3|25~REF|6R|1736730192Z3~AMT|B6|92.41~SVC|HC^95923|252|172.18||1~DTM|472|20160125~CAS|CO|45|76.31~CAS|PI|253|3.51~REF|6R|1736730192Z4~AMT|B6|175.69~CLP|6037-5902|1|134|111.9||MB|617651015~NM1|QC|1|RUSK|RONALD|F|||MI|16349155~NM1|82|1|KETHA|SUMANA||||XX|1962447805~REF|G2|520919~DTM|232|20160215~AMT|AU|117.51~SVC|HC^99214^25|130|111.9||1~DTM|472|20160215~CAS|CO|45|15.82~CAS|PI|253|2.28~REF|6R|1736758424Z1~AMT|B6|114.18~SVC|HC^94760|4|0||0||1~DTM|472|20160215~CAS|CO|234|4|1~REF|6R|1736758424Z2~AMT|B6|3.33~LQ|HE|M15~CLP|430-5264|1|130|111.9||MB|617651010~NM1|QC|1|MUSHTAQ|ZAITOON|A|||MI|13166324~NM1|82|1|KETHA|SUMANA||||XX|1962447805~REF|G2|520919~DTM|232|20160105~AMT|AU|114.18~SVC|HC^99214|130|111.9||1~DTM|472|20160105~CAS|CO|45|15.82~CAS|PI|253|2.28~REF|6R|1736766431Z1~AMT|B6|114.18~SE|76|0001~GE|1|1936~IEA|1|000001941~