ISA|00|          |00|          |ZZ|ZIRMED         |ZZ|PAYER          |160330|1008|U|00401|000001893|0|P|^~GS|HP|ZIRMED|PROVIDERHIS|20160330|1008|1888|X|004010X091A1~ST|835|0001~BPR|I|6.96|C|ACH|CCP|01|061000104|DA|1000187147243|1742770542||01|111000025|DA|488038453432|20160330~TRN|1|0900028064|1742770542~REF|EV|999999999999999~DTM|405|20160330~N1|PR|ADVANTAGE BY SUPERIOR~N3|2100 SOUTH IH 35, SUITE 202~N4|AUSTIN|TX|78704~PER|CX||TE|8002252573~N1|PE|DFW GERIATRICS PLLC|XX|1063835361~N3|2925 SKWY CIR N~N4|IRVING|TX|75038~REF|TJ|464596718~LX|1~CLP|6317-6486|1|204|6.96|167.77|HM|P084MCE04659|11|E~NM1|QC|1|SHEARER|JESSIE G||||MR|C0008231501~NM1|IL|1|SHEARER|JESSIE|G|||MI|C0008231501~NM1|82|1|KETHA|SUMANA||||XX|1962447805~REF|EA|000000000739~REF|G2|690002~SVC|HC^99204^25|200|6.96||1~DTM|472|20160321~CAS|CO|45|25.13||44|.14~CAS|PR|2|1.77|1|1|166|1~REF|6R|1726657463Z1~REF|HPI|1962447805~AMT|B6|174.87~SVC|HC^94760|4|0||1~DTM|472|20160321~CAS|CO|97|4~REF|6R|1726657463Z2~REF|HPI|1962447805~AMT|B6|3.33~LQ|HE|M15~SE|35|0001~GE|1|1888~IEA|1|000001893~