ISA|00|          |00|          |ZZ|ZIRMED         |ZZ|AV09311993     |160316|1716|U|00401|000001830|0|P|^~GS|HP|ZIRMED|AV01101957|20160316|1716|1825|X|004010X091A1~ST|835|0001~BPR|I|93.75|C|CHK||||||||||||20160315~TRN|1|C16075344982190|1361236610|CP201603153449821900~REF|EV|TX8355010~DTM|405|20160315~N1|PR|BLUECROSS BLUESHIELD OF TEXAS~N3|P O BOX 660044~N4|DALLAS|TX|752660044~REF|2U|G84980~N1|PE|DFW GERIATRICS PLLC|XX|1063835361~N3|2925 SKYWAY CIR N~N4|IRVING|TX|750383510~REF|TJ|464596718~LX|1~CLP|5792-4495|1|134|93.75|20|12|020160755038F920X00|11|1~NM1|QC|1|KALE|SWAPNIL||||MI|CXP000048940~NM1|82|1|KETHA|SUMANA||||XX|1962447805~REF|1L|000ZGCFAP0000~REF|CE|PREFERRED PROVIDER ORGANIZATION~DTM|232|20151123~DTM|233|20151123~DTM|050|20160315~AMT|AU|113.75~SVC|HC^99214^25|130|93.75||1~DTM|472|20151123~CAS|CO|45|16.25~CAS|PR|2|20~REF|6R|1716378628Z1~AMT|B6|113.75~SVC|HC^94760|4|0||1~DTM|472|20151123~CAS|CO|97|4~REF|6R|1716378628Z2~LQ|HE|M15~SE|35|0001~GE|1|1825~IEA|1|000001830~