ISA|00|          |00|          |ZZ|ZIRMED         |ZZ|AV09311993     |160120|1339|U|00401|000001734|0|P|^~GS|HP|ZIRMED|AV01101957|20160120|1339|1729|X|004010X091A1~ST|835|0001~BPR|I|144.19|C|CHK||||||||||||20160119~TRN|1|C16019343517600|1361236610|CP201601193435176000~REF|EV|TX8355010~DTM|405|20160119~N1|PR|BLUECROSS BLUESHIELD OF TEXAS~N3|P O BOX 660044~N4|DALLAS|TX|752660044~REF|2U|G84980~N1|PE|DFW GERIATRICS PLLC|XX|1063835361~N3|2925 SKYWAY CIR N~N4|IRVING|TX|750383510~REF|TJ|464596718~LX|1~CLP|6172-4621|1|204|144.19|30|12|02016012505A8140X00|11|1~NM1|QC|1|STARKS|KAYLA||||MI|ZGP822016119~NM1|82|1|KETHA|SUMANA||||XX|1962447805~REF|1L|0000099930002~REF|CE|PREFERRED PROVIDER ORGANIZATION~DTM|232|20151201~DTM|233|20151201~DTM|050|20160112~AMT|AU|174.19~SVC|HC^99204^25|200|144.19||1~DTM|472|20151201~CAS|CO|45|25.81~CAS|PR|1|30~REF|6R|1657893452Z1~AMT|B6|174.19~SVC|HC^94760|4|0||1~DTM|472|20151201~CAS|CO|97|4~REF|6R|1657893452Z2~LQ|HE|M15~SE|35|0001~GE|1|1729~IEA|1|000001734~