ISA|00|          |00|          |ZZ|ZIRMED         |ZZ|GATE0084       |160301|1850|U|00401|000001814|1|P|^~GS|HP|ZIRMED|GATE0084|20160301|1850|1809|X|004010X091A1~ST|835|0001~BPR|I|173.32|C|ACH|CCP|01|124384877|DA|1470858534|1411289245|000087726|01|111000025|DA|488038453432|20160302~TRN|1|1QG63888126|1411289245|000087726~REF|F2|1083~DTM|405|20160226~N1|PR|UNITED HEALTHCARE INSURANCE COMPANY|XV|87726~N3|9900 BREN ROAD~N4|MINNETONKA|MN|553430000~REF|2U|87726~PER|CX|ATLANTA SERVICE CENTER|TE|8778423210~N1|PE|SUMANA KETHA|XX|1063835361~N3|2925 SKYWAY CIR N~N4|IRVING|TX|75038~REF|TJ|464596718~LX|1~TS3|1063835361|11|20161231|2|264~CLP|5975-5325|1|134|81.66|35|14|5838609006 0061437104|11|1~NM1|QC|1|PATTERSON|LAWRENCE~NM1|IL|1|PATTERSON|LAWRENCE||||MI|963213985~NM1|74|1|||K~NM1|82|1|KETHA|SUMANA||||XX|1962447805~REF|CE|SEL EPO~REF|1L|701823~DTM|050|20160218~DTM|232|20160107~DTM|233|20160107~PER|CX|SPRINGFIELD SERVICE CENTER|TE|8778423210~AMT|AU|130~SVC|HC^99214^25|130|81.66||1~DTM|472|20160107~CAS|CO|45|13.34~CAS|PR|3|35~REF|6R|1692745397Z1~AMT|B6|116.66~SVC|HC^94760|4|0||1~DTM|472|20160107~CAS|CO|234|4~REF|6R|1692745397Z2~LQ|HE|M80~CLP|5721-5497|1|130|91.66|25|13|5838608998 0026042488|11|1~NM1|QC|1|MAKI|JACQUELINE~NM1|IL|1|MAKI|JACQUELINE||||MI|003114900~NM1|74|1|||R~NM1|82|1|KETHA|SUMANA||||XX|1962447805~REF|1L|744260~REF|CE|NAVI PL~DTM|050|20160218~DTM|232|20160115~DTM|233|20160115~PER|CX|SAN ANTONIO SERVICE CENTER|TE|8778423210~AMT|AU|130~SVC|HC^99214|130|91.66||1~DTM|472|20160115~CAS|CO|45|13.34~CAS|PR|3|25~REF|6R|1692745407Z1~AMT|B6|116.66~SE|58|0001~GE|1|1809~IEA|1|000001814~