ISA|00|          |00|          |ZZ|ZIRMED         |29|E12705         |160413|0654|U|00401|000001958|0|P|^~GS|HP|ZIRMED|E12705|20160413|0654|1953|X|004010X091A1~ST|835|0001~BPR|I|104.75|C|ACH|CCP|01|081517693|DA|152302017594|1205296137||01|111000025|DA|488038453432|20160413~TRN|1|892820312|1205296137~REF|EV|E12705~DTM|405|20160412~N1|PR|NOVITAS SOLUTIONS, INC.~N3|PO BOX 3110~N4|MECHANICSBURG|PA|170551826~REF|2U|04412~PER|CX||TE|8552528782~N1|PE|DFW GERIATRICS PLLC|XX|1063835361~N3|2925 SKYWAY CIRCLE NORTH~N4|IRVING|TX|750383510~REF|TJ|464596718~LX|1~CLP|6207-6326|1|174|104.75|26.72|MB|2816090519020|11|1~NM1|QC|1|FEOLA|SARA||||HN|096281849A~NM1|82|1||||||XX|1962447805~MOA|||MA01|MA15~DTM|050|20160330~SVC|HC^99215|174|104.75||1~DTM|472|20160308~CAS|CO|45|34.88||237|5.51||253|2.14~CAS|PR|2|26.72~REF|6R|1732383839Z1~REF|LU|11~AMT|B6|133.61~LQ|HE|N700~LQ|HE|N699~SE|30|0001~GE|1|1953~IEA|1|000001958~