ISA|00|          |00|          |ZZ|ZIRMED         |ZZ|GATE0084       |160301|0800|U|00401|000001810|1|P|^~GS|HP|ZIRMED|GATE0084|20160301|0800|1805|X|004010X091A1~ST|835|0001~BPR|I|18.92|C|ACH|CCP|01|124384877|DA|1470858534|1411289245|000087726|01|111000025|DA|488038453432|20160302~TRN|1|1195064213|1411289245|000087726~DTM|405|20160226~N1|PR|UNITED HEALTHCARE INSURANCE COMPANY|XV|87726~N3|9900 BREN ROAD~N4|MINNETONKA|MN|553430000~REF|2U|87726~PER|CX|UNITEDHEALTHCARE SERVICES INC|TE|8778423210~N1|PE|SUMANA KETHA, MD|XX|1063835361~N3|2925 SKYWAY CIR N~N4|IRVING|TX|750383510~REF|TJ|464596718~LX|1~CLP|6150-5265|1|130|18.92||MC|VRG6295588200|11|1~NM1|QC|1|GREEN|NEDRA||||MI|953774049~NM1|74|1|||L|||C|926181049~NM1|82|1|KETHA|MD|S|||XX|1962447805~REF|1L|88820~REF|CE|TX MEDICAID COST SHARE~REF|F8|6290118300~DTM|050|20160218~DTM|232|20160105~AMT|AU|18.92~SVC|HC^99214^25|130|18.92||1~DTM|472|20160105~CAS|CO|22|111.08~AMT|B6|18.92~SE|29|0001~GE|1|1805~IEA|1|000001810~