ISA|00|          |00|          |ZZ|ZIRMED         |ZZ|11             |160324|1410|U|00401|000001880|0|P|^~GS|HP|ZIRMED|FIS123456789|20160324|1410|1875|X|004010X091A1~ST|835|0001~BPR|H|0|C|NON||||||||||||20160318~TRN|1|CHKHST20467016|1201494502~REF|EV|FIS123456789~REF|F2|TXMC QNXT~DTM|405|20160318~N1|PR|MOLINA HEALTHCARE OF TEXAS, INC~N3|2505 N. STATE HIGHWAY 360|STE 300~N4|GRAND PRAIRIE|TX|75050~N1|PE|DFW PRIMARY CARE PLLC|XX|1063835361~N3|2925 SKYWAY CICLE NORTH~N4|IRVING|TX|750383510~REF|TJ|464596718~LX|1~CLP|348-4080|1|134|0||MC|16077863444~NM1|QC|1|BEGUM|MAQBOOL||||MI|500000027638~NM1|82|1|KETHA|SUMANA||||XX|1962447805~REF|CE|QMXHPQ0882~DTM|232|20151029~DTM|233|20151029~DTM|036|20150831~DTM|050|20160316~SVC|HC^99214^25|130|0||1~DTM|472|20151029~CAS|CO|31|130~REF|6R|1716378608Z1~SVC|HC^94760|4|0||1~DTM|472|20151029~CAS|CO|31|4~REF|6R|1716378608Z2~SE|31|0001~ST|835|0002~BPR|I|269.44|C|ACH|CCP|01|092904554|DA|150097034071|1201494502||01|111000025|DA|488038453432|20160322~TRN|1|EFT3278941|1201494502~REF|EV|FIS123456789~REF|F2|TXMC QNXT~DTM|405|20160321~N1|PR|MOLINA HEALTHCARE OF TEXAS, INC~N3|2505 N. STATE HIGHWAY 360|STE 300~N4|GRAND PRAIRIE|TX|75050~N1|PE|DFW PRIMARY CARE PLLC|XX|1063835361~N3|2925 SKYWAY CICLE NORTH~N4|IRVING|TX|750383510~REF|TJ|464596718~LX|1~CLP|6186-5502|1|220|177.53|3.17|MC|16078896855~NM1|QC|1|BHATIA|VIJAY KUMAR|KUMAR|||MI|0002881410~NM1|74|1||VIJAY~NM1|82|1|KETHA|SUMANA||||XX|1962447805~REF|CE|45786002000201~DTM|232|20160118~DTM|233|20160118~DTM|050|20160318~AMT|AU|216.83~SVC|HC^99385^25|160|132.99||1~DTM|472|20160118~CAS|CO|45|27.01~REF|6R|1719143044Z1~AMT|B6|132.99~SVC|HC^90471|33|25.62||1~DTM|472|20160118~CAS|CO|45|7.38~REF|6R|1719143044Z2~AMT|B6|25.62~SVC|HC^90654|23|18.92||1~DTM|472|20160118~CAS|CO|45|4.08~REF|6R|1719143044Z3~AMT|B6|18.92~SVC|HC^94760|4|0||1~DTM|472|20160118~CAS|CO|45|.83~CAS|PR|3|3.17~REF|6R|1719143044Z4~AMT|B6|3.17~CLP|6186-5725|1|134|91.91|20|MC|16078896884~NM1|QC|1|BHATIA|VIJAY KUMAR|KUMAR|||MI|0002881410~NM1|74|1||VIJAY~NM1|82|1|KETHA|SUMANA||||XX|1962447805~REF|CE|45786002000201~DTM|232|20160201~DTM|233|20160201~DTM|050|20160318~AMT|AU|114~SVC|HC^99214^25|130|88.74||1~DTM|472|20160201~CAS|CO|45|21.26~CAS|PR|3|20~REF|6R|1719143220Z1~AMT|B6|108.74~SVC|HC^94760|4|3.17||1~DTM|472|20160201~CAS|CO|45|.83~REF|6R|1719143220Z2~AMT|B6|3.17~SE|65|0002~GE|2|1875~IEA|1|000001880~