ISA|00|          |00|          |ZZ|ZIRMED         |ZZ|GATE0084       |160411|1910|U|00401|000001947|1|P|^~GS|HP|ZIRMED|GATE0084|20160411|1910|1942|X|004010X091A1~ST|835|0001~BPR|I|1115.8|C|ACH|CCP|01|124384877|DA|1470858534|1411289245|000087726|01|111000025|DA|488038453432|20160413~TRN|1|1QG64951227|1411289245|000087726~REF|F2|1083~DTM|405|20160408~N1|PR|UNITED HEALTHCARE INSURANCE COMPANY|XV|87726~N3|9900 BREN ROAD~N4|MINNETONKA|MN|553439664~REF|2U|87726~PER|CX|ATLANTA SERVICE CENTER|TE|8778423210~N1|PE|DFW GERIATRICS PLLC|XX|1063835361~N3|2925 SKYWAY CIR N~N4|IRVING|TX|750383510~REF|TJ|464596718~LX|1~TS3|1063835361|11|20161231|11|1422~CLP|6282-6081|1|160|134.74||13|5881295764 0223386633|11|1~NM1|QC|1|ASARE-YEBOAH|FESTUS~NM1|IL|1|ASARE-YEBOAH|FESTUS||||MI|971591801~NM1|82|1|KETHA|SUMANA||||XX|1962447805~MOA|||MA15~REF|1L|6S3151~REF|CE|CHOYC+~DTM|050|20160317~DTM|232|20160222~DTM|233|20160222~PER|CX|SPRINGFIELD SERVICE CENTER|TE|8778423210~AMT|AU|160~SVC|HC^99385^25|160|134.74||1~DTM|472|20160222~CAS|CO|45|25.26~REF|6R|1719221652Z1~AMT|B6|134.74~CLP|6295-6284|1|200|154.94|25|14|5881295765 0264973630|11|1~NM1|QC|1|JOAQUIN|SHURINA~NM1|IL|1|JOAQUIN|SHURINA||||MI|974352313~NM1|74|1|||E~NM1|82|1|KETHA|SUMANA||||XX|1962447805~MOA|||MA15~REF|CE|CHOYC~REF|1L|1H1513~DTM|050|20160317~DTM|232|20160304~DTM|233|20160304~PER|CX|SPRINGFIELD SM GRP|TE|8778423210~AMT|AU|200~SVC|HC^99204^25|200|154.94||1~DTM|472|20160304~CAS|CO|45|20.06~CAS|PR|3|25~REF|6R|1719206725Z1~AMT|B6|179.94~CLP|6295-6284|1|252|197.41||14|5881295765 0264973636|11|1~NM1|QC|1|JOAQUIN|SHURINA~NM1|IL|1|JOAQUIN|SHURINA||||MI|974352313~NM1|74|1|||E~NM1|82|1|KETHA|SUMANA||||XX|1962447805~MOA|||MA15~REF|CE|CHOYC~REF|1L|1H1513~DTM|050|20160317~DTM|232|20160304~DTM|233|20160304~PER|CX|SPRINGFIELD SM GRP|TE|8778423210~AMT|AU|252~SVC|HC^95923|252|197.41||1~DTM|472|20160304~CAS|CO|45|54.59~REF|6R|1719206725Z2~AMT|B6|197.41~CLP|6295-6284|1|18|14.3||14|5881295765 0264973642|11|1~NM1|QC|1|JOAQUIN|SHURINA~NM1|IL|1|JOAQUIN|SHURINA||||MI|974352313~NM1|74|1|||E~NM1|82|1|KETHA|SUMANA||||XX|1962447805~MOA|||MA15~REF|1L|1H1513~REF|CE|CHOYC~DTM|050|20160317~DTM|232|20160304~DTM|233|20160304~PER|CX|SPRINGFIELD SM GRP|TE|8778423210~AMT|AU|18~SVC|HC^99406|18|14.3||1~DTM|472|20160304~CAS|CO|45|3.7~REF|6R|1719206725Z3~AMT|B6|14.3~CLP|6099-5887|1|130|116.66||13|5881295759 0026127950|11|1~NM1|QC|1|ESTREMERA|DENISE~NM1|IL|1|ESTREMERA|DENISE||||MI|923203345~NM1|82|1|KETHA|SUMANA||||XX|1962447805~MOA|||MA15~REF|CE|COMP BA~REF|1L|902732~DTM|050|20160317~DTM|232|20160209~DTM|233|20160209~PER|CX|GREENSBORO SERVICE CENTER|TE|8778423210~AMT|AU|130~SVC|HC^99214^25|130|116.66||1~DTM|472|20160209~CAS|CO|45|13.34~REF|6R|1719206696Z1~AMT|B6|116.66~CLP|6149-6181|1|134|58.33|58.33|13|5881295760 0026127957|11|1~NM1|QC|1|ROBERTS|JOSHUA~NM1|IL|1|ROBERTS|JOSHUA||||MI|931541767~NM1|82|1|KETHA|SUMANA||||XX|1962447805~REF|CE|COMP BA~REF|1L|902732~DTM|050|20160317~DTM|232|20160229~DTM|233|20160229~PER|CX|GREENSBORO SERVICE CENTER|TE|8778423210~AMT|AU|130~SVC|HC^99214^25|130|58.33||1~DTM|472|20160229~CAS|CO|45|13.34~CAS|PR|2|58.33~REF|6R|1719219580Z1~AMT|B6|116.66~SVC|HC^94760|4|0||1~DTM|472|20160229~CAS|CO|234|4~REF|6R|1719219580Z2~LQ|HE|M80~CLP|6284-6097|1|160|134.74||13|5881295763 0026128055|11|1~NM1|QC|1|THERURU|YUVALI~NM1|IL|1|THERURU|YUVALI||||MI|970517179~NM1|74|1||RAVISEKHAR~NM1|82|1|KETHA|SUMANA||||XX|1962447805~MOA|||MA15~REF|1L|902732~REF|CE|COMP BA~DTM|050|20160317~DTM|232|20160223~DTM|233|20160223~PER|CX|GREENSBORO SERVICE CENTER|TE|8778423210~AMT|AU|160~SVC|HC^99385^25|160|134.74||1~DTM|472|20160223~CAS|CO|45|25.26~REF|6R|1719206713Z1~AMT|B6|134.74~CLP|6285-6096|1|160|134.74||13|5881295762 0026450173|11|1~NM1|QC|1|THERURU|RAVI~NM1|IL|1|THERURU|RAVI||||MI|970517179~NM1|74|1||RAVISEKHAR~NM1|82|1|KETHA|SUMANA||||XX|1962447805~MOA|||MA15~REF|CE|COMP BA~REF|1L|902732~DTM|050|20160317~DTM|232|20160223~DTM|233|20160223~PER|CX|GREENSBORO SERVICE CENTER|TE|8778423210~AMT|AU|160~SVC|HC^99385^25|160|134.74||1~DTM|472|20160223~CAS|CO|45|25.26~REF|6R|1719206712Z1~AMT|B6|134.74~LQ|HE|MA67~CLP|6296-6291|1|200|169.94|10|13|3252772964 0026531073|11|1~NM1|QC|1||||||MI|UNAVAILABLE~NM1|74|1|TRAN|QUYEN||||C|900151471~NM1|82|1|KETHA|SUMANA||||XX|1962447805~REF|CE|COMP BA~REF|1L|902732~DTM|050|20160321~DTM|232|20160304~DTM|233|20160304~PER|CX|GREENSBORO SERVICE CENTER|TE|8778423210~AMT|AU|200~SVC|HC^99204|200|169.94||1~DTM|472|20160304~CAS|CO|45|20.06~CAS|PR|3|10~REF|6R|1719206726Z1~AMT|B6|179.94~CLP|432-5976|1|4|0||13|5910233728 0009836998|11|1~NM1|QC|1|SAMUTHIRAM|SIVAKUMAR~NM1|IL|1|SAMUTHIRAM|SIVAKUMAR||||MI|811572439~NM1|82|1|KETHA|SUMANA||||XX|1962447805~MOA|||MA15~REF|CE|CHOYC+~REF|1L|717730~DTM|050|20160331~DTM|232|20160202~DTM|233|20160202~PER|CX|GREENSBORO SERVICE CENTER|TE|8778423210~SVC|HC^94760|4|0||1~DTM|472|20160202~CAS|CO|234|4~REF|6R|1734013475Z3~LQ|HE|M80~CLP|6261-6042|1|4|0||13|5910233730 0224942942|11|1~NM1|QC|1|OLIPHANT|THOMAS~NM1|IL|1|OLIPHANT|THOMAS||||MI|938946602~NM1|74|1|||W~NM1|82|1|KETHA|SUMANA||||XX|1962447805~MOA|||MA15~REF|1L|6S3151~REF|CE|CHOYC+~DTM|050|20160331~DTM|232|20160219~DTM|233|20160219~PER|CX|RICHARDSON SPRGFLD SRVC CNTR|TE|8778423210~SVC|HC^94760|4|0||1~DTM|472|20160219~CAS|CO|234|4~REF|6R|1733952754Z2~LQ|HE|M80~SE|215|0001~GE|1|1942~IEA|1|000001947~