ISA|00|          |00|          |ZZ|ZIRMED         |ZZ|GATE0084       |160330|1850|U|00401|000001896|1|P|^~GS|HP|ZIRMED|GATE0084|20160330|1850|1891|X|004010X091A1~ST|835|0001~BPR|I|51.33|C|ACH|CCP|01|124384877|DA|1470858534|1411289245|000087726|01|111000025|DA|488038453432|20160330~TRN|1|1QG64614754|1411289245|000087726~REF|F2|1083~DTM|405|20160325~N1|PR|UNITED HEALTHCARE INSURANCE COMPANY|XV|87726~N3|9900 BREN ROAD~N4|MINNETONKA|MN|553439664~REF|2U|87726~PER|CX|ATLANTA SERVICE CENTER|TE|8778423210~N1|PE|SUMANA KETHA|XX|1063835361~N3|2925 SKYWAY CIR N~N4|IRVING|TX|75038~REF|TJ|464596718~LX|1~TS3|1063835361|11|20161231|12|890~CLP|6099-5887|1|4|0||13|5881295759 0025944206|11|1~NM1|QC|1|ESTREMERA|DENISE~NM1|IL|1|ESTREMERA|DENISE||||MI|923203345~NM1|82|1|KETHA|SUMANA||||XX|1962447805~MOA|||MA15~REF|CE|COMP BA~REF|1L|902732~DTM|050|20160317~DTM|232|20160209~DTM|233|20160209~SVC|HC^94760|4|0||1~DTM|472|20160209~CAS|CO|234|4~REF|6R|1719206696Z2~LQ|HE|M80~CLP|6164-4479|1|386|0||13|5881295761 0025944496|11|1~NM1|QC|1|PHUYAL|PARBATI~NM1|IL|1|PHUYAL|PARBATI||||MI|946631294~NM1|74|1||KUMAR~NM1|82|1|KETHA|SUMANA||||XX|1962447805~REF|1L|902732~REF|CE|COMP BA~DTM|050|20160317~DTM|232|20151123~DTM|233|20151123~SVC|HC^99214^25|130|0||1~DTM|472|20151123~CAS|CO|29|130~REF|6R|1719339997Z1~SVC|HC^94760|4|0||1~DTM|472|20151123~CAS|CO|29|4~REF|6R|1719339997Z2~SVC|HC^95923|252|0||1~DTM|472|20151123~CAS|CO|29|252~REF|6R|1719339997Z3~CLP|6285-6096|1|4|0||13|5881295762 0025944392|11|1~NM1|QC|1|THERURU|RAVI~NM1|IL|1|THERURU|RAVI||||MI|970517179~NM1|74|1||RAVISEKHAR~NM1|82|1|KETHA|SUMANA||||XX|1962447805~MOA|||MA15~REF|1L|902732~REF|CE|COMP BA~DTM|050|20160317~DTM|232|20160223~DTM|233|20160223~SVC|HC^94760|4|0||1~DTM|472|20160223~CAS|CO|234|4~REF|6R|1719206712Z2~LQ|HE|M80~CLP|6284-6097|1|4|0||13|5881295763 0025944413|11|1~NM1|QC|1|THERURU|YUVALI~NM1|IL|1|THERURU|YUVALI||||MI|970517179~NM1|74|1||RAVISEKHAR~NM1|82|1|KETHA|SUMANA||||XX|1962447805~MOA|||MA15~REF|CE|COMP BA~REF|1L|902732~DTM|050|20160317~DTM|232|20160223~DTM|233|20160223~SVC|HC^94760|4|0||1~DTM|472|20160223~CAS|CO|234|4~REF|6R|1719206713Z2~LQ|HE|M80~CLP|432-5976|1|60|29||13|5883507345 0009767258|11|1~NM1|QC|1|SAMUTHIRAM|SIVAKUMAR~NM1|IL|1|SAMUTHIRAM|SIVAKUMAR||||MI|811572439~NM1|82|1|KETHA|SUMANA||||XX|1962447805~MOA|||MA15~REF|1L|717730~REF|CE|CHOYC+~DTM|050|20160318~DTM|232|20160202~DTM|233|20160202~AMT|AU|31~SVC|HC^96372^25|29|0||1~DTM|472|20160202~CAS|CO|4|29~REF|6R|1720406335Z1~SVC|HC^G0008|31|29||1~DTM|472|20160202~CAS|CO|45|2~REF|6R|1720406335Z2~AMT|B6|29~CLP|432-5976|1|4|0||13|5883507345 0009767259|11|1~NM1|QC|1|SAMUTHIRAM|SIVAKUMAR~NM1|IL|1|SAMUTHIRAM|SIVAKUMAR||||MI|811572439~NM1|82|1|KETHA|SUMANA||||XX|1962447805~MOA|||MA15~REF|1L|717730~REF|CE|CHOYC+~DTM|050|20160318~DTM|232|20160202~DTM|233|20160202~SVC|HC^94760|4|0||1~DTM|472|20160202~CAS|CO|234|4~REF|6R|1720406335Z3~LQ|HE|M80~CLP|6062-5930|1|130|0|116.66|14|5883507346 0083673142|11|1~NM1|QC|1|KALIGOTLA|MANASWINI~NM1|IL|1|KALIGOTLA|MANASWINI||||MI|917493433~NM1|74|1|GANTI|SRIKAR~NM1|82|1|KETHA|SUMANA||||XX|1962447805~REF|CE|CHOYC~REF|1L|709012~DTM|050|20160318~DTM|232|20160215~DTM|233|20160215~AMT|AU|130~SVC|HC^99214|130|0||1~DTM|472|20160215~CAS|CO|45|13.34~CAS|PR|1|116.66~REF|6R|1720406333Z1~AMT|B6|116.66~CLP|6073-5932|1|24|0||14|5883507347 0083675483|11|1~NM1|QC|1|SRIKAR|GANTI~NM1|IL|1|SRIKAR|GANTI||||MI|917493433~NM1|74|1|GANTI|SRIKAR~NM1|82|1|KETHA|SUMANA||||XX|1962447805~MOA|||MA15~REF|CE|CHOYC~REF|1L|709012~DTM|050|20160318~DTM|232|20160215~DTM|233|20160215~SVC|HC^99211^25|24|0||1~DTM|472|20160215~CAS|CO|234|24~REF|6R|1720406334Z1~LQ|HE|M80~CLP|6073-5932|1|23|22.33||14|5883507347 0083675488|11|1~NM1|QC|1|SRIKAR|GANTI~NM1|IL|1|SRIKAR|GANTI||||MI|917493433~NM1|74|1|GANTI|SRIKAR~NM1|82|1|KETHA|SUMANA||||XX|1962447805~MOA|||MA15~REF|1L|709012~REF|CE|CHOYC~DTM|050|20160318~DTM|232|20160215~DTM|233|20160215~AMT|AU|23~SVC|HC^90654|23|22.33||1~DTM|472|20160215~CAS|CO|45|.67~REF|6R|1720406334Z2~AMT|B6|22.33~CLP|6073-5932|1|29|0|29|14|5883507347 0083675490|11|1~NM1|QC|1|SRIKAR|GANTI~NM1|IL|1|SRIKAR|GANTI||||MI|917493433~NM1|74|1|GANTI|SRIKAR~NM1|82|1|KETHA|SUMANA||||XX|1962447805~MOA|||MA15~REF|1L|709012~REF|CE|CHOYC~DTM|050|20160318~DTM|232|20160215~DTM|233|20160215~AMT|AU|29~SVC|HC^96372|29|0||1~DTM|472|20160215~CAS|PR|1|29~REF|6R|1720406334Z3~AMT|B6|29~CLP|5976-6348|1|130|0|116.66|13|5881295758 0026128022|11|1~NM1|QC|1|JOSHI|PRABAHA~NM1|IL|1|JOSHI|PRABAHA||||MI|916989431~NM1|74|1||PRABHA~NM1|82|1|KETHA|SUMANA||||XX|1962447805~REF|CE|COMP BA~REF|1L|902732~DTM|050|20160317~DTM|232|20160309~DTM|233|20160309~AMT|AU|130~SVC|HC^99214|130|0||1~DTM|472|20160309~CAS|CO|45|13.34~CAS|PR|1|116.66~REF|6R|1719211900Z1~AMT|B6|116.66~CLP|6236-6078|1|92|0|92|13|5881295757 0026254625|11|1~NM1|QC|1|REDDY|ARUNA~NM1|IL|1|REDDY|ARUNA||||MI|905056487~NM1|74|1|MARNI|SRI VAMSI~NM1|82|1|KETHA|SUMANA||||XX|1962447805~REF|CE|COMP BA~REF|1L|902732~DTM|036|20160430~DTM|050|20160317~DTM|232|20160222~DTM|233|20160222~SVC|HC^99213^25|88|0||1~DTM|472|20160222~CAS|PR|27|88~REF|6R|1719338726Z1~SVC|HC^94760|4|0||1~DTM|472|20160222~CAS|PR|27|4~REF|6R|1719338726Z2~SE|224|0001~GE|1|1891~IEA|1|000001896~