ISA|00|          |00|          |ZZ|ZIRMED         |ZZ|11             |160120|0950|U|00401|000001733|0|P|^~GS|HP|ZIRMED|FIS123456789|20160120|0950|1728|X|004010X091A1~ST|835|0001~BPR|I|46.73|C|ACH|CCP|01|092904554|DA|150097034071|1201494502||01|111000025|DA|488038453432|20160119~TRN|1|EFT3108056|1201494502~REF|EV|FIS123456789~REF|F2|TXMC QNXT~DTM|405|20160115~N1|PR|MOLINA HEALTHCARE OF TEXAS, INC~N3|2505 N. STATE HIGHWAY 360|STE 300~N4|GRAND PRAIRIE|TX|75050~N1|PE|DFW PRIMARY CARE PLLC|XX|1063835361~N3|2925 SKYWAY CICLE NORTH~N4|IRVING|TX|750383510~REF|TJ|464596718~LX|1~CLP|566-4625|1|134|46.73||MC|16013906624~NM1|QC|1|SMITH|GAROLD|D|||MI|522182631~NM1|82|1|KETHA|SUMANA||||XX|1962447805~REF|CE|TQMBPL6979~DTM|232|20151201~DTM|233|20151201~DTM|050|20160113~AMT|AU|134~SVC|HC^99214^25|130|46.73||1~DTM|472|20151201~CAS|CO|45|83.27~REF|6R|1657893456Z1~AMT|B6|46.73~SVC|HC^94760|4|0||1~DTM|472|20151201~CAS|CO|97|4~REF|6R|1657893456Z2~SE|32|0001~GE|1|1728~IEA|1|000001733~