ISA|00|          |00|          |ZZ|ZIRMED         |ZZ|AV09311993     |160224|1222|}|00501|000001797|0|P|^~GS|HP|ZIRMED|AV01101957|20160224|1222|1792|X|005010X221A1~ST|835|0001~BPR|I|1446.62|C|CHK||||||||||||20160223~TRN|1|006635899|1610647538~REF|EV|030240928~DTM|405|20160223~N1|PR|HUMANA INC.|XV|610647538~N3|P.O. BOX 14601~N4|LEXINGTON|KY|405124601~PER|BL~N1|PE|DFW GERIATRICS PLLC|XX|1063835361~N3|2925 SKYWAY CIR N~N4|IRVING|TX|750383510~REF|PQ|338034~REF|TJ|464596718~LX|1~TS3|1962447805|11|20161231|16|1804~CLP|314-5378|1|46|33.87||16|166139137|11|1~NM1|QC|1|PALMER|LARRY||||MI|H72192035~NM1|74|1|PALMER|LARRY||||C|H72192035~NM1|82|1|KETHA|SUMANA||||XX|1962447805~REF|1L|0W444001~REF|CE|MEDICARE ADVANTAGE HMO~DTM|232|20160111~DTM|233|20160111~DTM|050|20160218~PER|CX|MDX PPO|TE|8085326989~SVC|HC^99211^25|24|19.8||1~DTM|472|20160111~CAS|CO|253|.4||45|3.8~REF|6R|1692745402Z1~AMT|B6|20.2~LQ|HE|N22~SVC|HC^94760|4|0||1~DTM|472|20160111~CAS|CO|97|4~REF|6R|1692745402Z2~LQ|HE|N19~SVC|HC^99406|18|14.07||1~DTM|472|20160111~CAS|CO|253|.29||45|3.64~REF|6R|1692745402Z3~AMT|B6|14.36~LQ|HE|N22~CLP|314-5505|1|24|19.8||16|166139138|11|1~NM1|QC|1|PALMER|LARRY||||MI|H72192035~NM1|74|1|PALMER|LARRY||||C|H72192035~NM1|82|1|KETHA|SUMANA||||XX|1962447805~REF|1L|0W444001~REF|CE|MEDICARE ADVANTAGE HMO~DTM|232|20160118~DTM|233|20160118~DTM|050|20160218~PER|CX|MDX PPO|TE|8085326989~SVC|HC^99211|24|19.8||1~DTM|472|20160118~CAS|CO|253|.4||45|3.8~REF|6R|1692745408Z1~AMT|B6|20.2~CLP|314-5608|1|152|120.64||16|166139142|11|1~NM1|QC|1|PALMER|LARRY||||MI|H72192035~NM1|74|1|PALMER|LARRY||||C|H72192035~NM1|82|1|KETHA|SUMANA||||XX|1962447805~REF|1L|0W444001~REF|CE|MEDICARE ADVANTAGE HMO~DTM|232|20160122~DTM|233|20160122~DTM|050|20160218~PER|CX|MDX PPO|TE|8085326989~SVC|HC^99406|18|14.07||1~DTM|472|20160122~CAS|CO|253|.29||45|3.64~REF|6R|1692745412Z1~AMT|B6|14.36~LQ|HE|N22~SVC|HC^94760|4|0||1~DTM|472|20160122~CAS|CO|97|4~REF|6R|1692745412Z2~LQ|HE|N19~SVC|HC^99214^25|130|106.57||1~DTM|472|20160122~CAS|CO|253|2.17||45|21.26~REF|6R|1692745412Z3~AMT|B6|108.74~LQ|HE|N22~CLP|314-5723|1|28|19.8||16|166139146|11|1~NM1|QC|1|PALMER|LARRY||||MI|H72192035~NM1|74|1|PALMER|LARRY||||C|H72192035~NM1|82|1|KETHA|SUMANA||||XX|1962447805~REF|1L|0W444001~REF|CE|MEDICARE ADVANTAGE HMO~DTM|232|20160201~DTM|233|20160201~DTM|050|20160218~PER|CX|MDX PPO|TE|8085326989~SVC|HC^99211^25|24|19.8||1~DTM|472|20160201~CAS|CO|253|.4||45|3.8~REF|6R|1692745417Z1~AMT|B6|20.2~LQ|HE|N22~SVC|HC^94760|4|0||1~DTM|472|20160201~CAS|CO|97|4~REF|6R|1692745417Z2~LQ|HE|N19~CLP|5687-5332|1|134|106.57||16|166139136|11|1~NM1|QC|1|STEPHENSON|ROGERS||||MI|H40301200~NM1|74|1|STEPHENSON|ROGERS||||C|H40301200~NM1|82|1|KETHA|SUMANA||||XX|1962447805~REF|1L|0W444001~REF|CE|MEDICARE ADVANTAGE HMO~DTM|232|20160108~DTM|233|20160108~DTM|050|20160218~PER|CX|MDX PPO|TE|8085326989~SVC|HC^99214^25|130|106.57||1~DTM|472|20160108~CAS|CO|253|2.17||45|21.26~REF|6R|1692745398Z1~AMT|B6|108.74~LQ|HE|N22~SVC|HC^94760|4|0||1~DTM|472|20160108~CAS|CO|97|4~REF|6R|1692745398Z2~LQ|HE|N19~CLP|6032-5568|1|130|106.57||16|166139139|11|1~NM1|QC|1|SHETTER|DEBORAH|S|||MI|H47489175~NM1|74|1|SHETTER|DEBORAH||||C|H47489175~NM1|82|1|KETHA|SUMANA||||XX|1962447805~REF|1L|0W444001~REF|CE|MEDICARE ADVANTAGE HMO~DTM|232|20160121~DTM|233|20160121~DTM|050|20160218~PER|CX|MDX PPO|TE|8085326989~SVC|HC^99214|130|106.57||1~DTM|472|20160121~CAS|CO|253|2.17||45|21.26~REF|6R|1692745409Z1~AMT|B6|108.74~CLP|6032-5296|1|130|106.57||16|166139173|11|1~NM1|QC|1|SHETTER|DEBORAH|S|||MI|H47489175~NM1|74|1|SHETTER|DEBORAH||||C|H47489175~NM1|82|1|KETHA|SUMANA||||XX|1962447805~REF|1L|0W444001~REF|CE|MEDICARE ADVANTAGE HMO~DTM|232|20160107~DTM|233|20160107~DTM|050|20160218~PER|CX|MDX PPO|TE|8085326989~SVC|HC^99214^25|130|106.57||1~DTM|472|20160107~CAS|CO|253|2.17||45|21.26~REF|6R|1692745964Z1~AMT|B6|108.74~CLP|2310-5297|1|152|120.64||16|166139135|11|1~NM1|QC|1|OREAR|CHRISTOPHE||||MI|H11456849~NM1|74|1|OREAR|CHRISTOPHE||||C|H11456849~NM1|82|1|KETHA|SUMANA||||XX|1962447805~REF|1L|0W444001~REF|CE|MEDICARE ADVANTAGE HMO~DTM|232|20160107~DTM|233|20160107~DTM|050|20160218~PER|CX|MDX PPO|TE|8085326989~SVC|HC^99214^25|130|106.57||1~DTM|472|20160107~CAS|CO|253|2.17||45|21.26~REF|6R|1692745395Z1~AMT|B6|108.74~SVC|HC^99406|18|14.07||1~DTM|472|20160107~CAS|CO|253|.29||45|3.64~REF|6R|1692745395Z2~AMT|B6|14.36~SVC|HC^94760|4|0||1~DTM|472|20160107~CAS|CO|234|4~REF|6R|1692745395Z3~LQ|HE|N20~SVC|HC^G8427|0|0||1~DTM|472|20160107~REF|6R|1692745395Z4~CLP|2310-5571|1|130|106.57||16|166139140|11|1~NM1|QC|1|OREAR|CHRISTOPHE||||MI|H11456849~NM1|74|1|OREAR|CHRISTOPHE||||C|H11456849~NM1|82|1|KETHA|SUMANA||||XX|1962447805~REF|1L|0W444001~REF|CE|MEDICARE ADVANTAGE HMO~DTM|232|20160121~DTM|233|20160121~DTM|050|20160218~PER|CX|MDX PPO|TE|8085326989~SVC|HC^99214|130|106.57||1~DTM|472|20160121~CAS|CO|253|2.17||45|21.26~REF|6R|1692745410Z1~AMT|B6|108.74~CLP|2310-5826|1|92|72.3||16|166139145|11|1~NM1|QC|1|OREAR|CHRISTOPHE||||MI|H11456849~NM1|74|1|OREAR|CHRISTOPHE||||C|H11456849~NM1|82|1|KETHA|SUMANA||||XX|1962447805~REF|1L|0W444001~REF|CE|MEDICARE ADVANTAGE HMO~DTM|232|20160205~DTM|233|20160205~DTM|050|20160218~PER|CX|MDX PPO|TE|8085326989~SVC|HC^99213^25|88|72.3||1~DTM|472|20160205~CAS|CO|253|1.48||45|14.22~REF|6R|1692745419Z1~AMT|B6|73.78~LQ|HE|N22~SVC|HC^94760|4|0||1~DTM|472|20160205~CAS|CO|97|4~REF|6R|1692745419Z2~LQ|HE|N19~CLP|320-5684|1|92|72.3||16|166139143|11|1~NM1|QC|1|VILLALPANDO|DIANA||||MI|H76229821~NM1|74|1|VILLALPANDO|DIANA||||C|H76229821~NM1|82|1|KETHA|SUMANA||||XX|1962447805~REF|1L|0W444001~REF|CE|MEDICARE ADVANTAGE HMO~DTM|232|20160128~DTM|233|20160128~DTM|050|20160218~PER|CX|MDX PPO|TE|8085326989~SVC|HC^99213^25|88|72.3||1~DTM|472|20160128~CAS|CO|253|1.48||45|14.22~REF|6R|1692745415Z1~AMT|B6|73.78~LQ|HE|N22~SVC|HC^94760|4|0||1~DTM|472|20160128~CAS|CO|97|4~REF|6R|1692745415Z2~LQ|HE|N19~CLP|320-5252|1|148|120.64||16|166139178|11|1~NM1|QC|1|VILLALPANDO|DIANA||||MI|H76229821~NM1|74|1|VILLALPANDO|DIANA||||C|H76229821~NM1|82|1|KETHA|SUMANA||||XX|1962447805~REF|1L|0W444001~REF|CE|MEDICARE ADVANTAGE HMO~DTM|232|20160105~DTM|233|20160105~DTM|050|20160218~PER|CX|MDX PPO|TE|8085326989~SVC|HC^99214^25|130|106.57||1~DTM|472|20160105~CAS|CO|253|2.17||45|21.26~REF|6R|1692747067Z1~AMT|B6|108.74~SVC|HC^99406|18|14.07||1~DTM|472|20160105~CAS|CO|253|.29||45|3.64~REF|6R|1692747067Z2~AMT|B6|14.36~CLP|521-5600|1|134|106.57||16|166139141|11|1~NM1|QC|1|COMPTON|BONITA||||MI|H51836359~NM1|74|1|COMPTON|BONITA||||C|H51836359~NM1|82|1|KETHA|SUMANA||||XX|1962447805~REF|1L|0W444001~REF|CE|MEDICARE ADVANTAGE HMO~DTM|232|20160122~DTM|233|20160122~DTM|050|20160218~PER|CX|MDX PPO|TE|8085326989~SVC|HC^99214^25|130|106.57||1~DTM|472|20160122~CAS|CO|253|2.17||45|21.26~REF|6R|1692745411Z1~AMT|B6|108.74~LQ|HE|N22~SVC|HC^94760|4|0||1~DTM|472|20160122~CAS|CO|97|4~REF|6R|1692745411Z2~LQ|HE|N19~CLP|422-5637|1|130|106.57||16|166139144|11|1~NM1|QC|1|WILSON|VIVIAN||||MI|H42565822~NM1|74|1|WILSON|VIVIAN||||C|H42565822~NM1|82|1|KETHA|SUMANA||||XX|1962447805~REF|1L|0W444001~REF|CE|MEDICARE ADVANTAGE HMO~DTM|232|20160125~DTM|233|20160125~DTM|050|20160218~PER|CX|MDX PPO|TE|8085326989~SVC|HC^99214|130|106.57||1~DTM|472|20160125~CAS|CO|253|2.17||45|21.26~REF|6R|1692745413Z1~AMT|B6|108.74~CLP|422-5274|1|148|120.64||16|166139177|11|1~NM1|QC|1|WILSON|VIVIAN||||MI|H42565822~NM1|74|1|WILSON|VIVIAN||||C|H42565822~NM1|82|1|KETHA|SUMANA||||XX|1962447805~REF|1L|0W444001~REF|CE|MEDICARE ADVANTAGE HMO~DTM|232|20160105~DTM|233|20160105~DTM|050|20160218~PER|CX|MDX PPO|TE|8085326989~SVC|HC^99214^25|130|106.57||1~DTM|472|20160105~CAS|CO|253|2.17||45|21.26~REF|6R|1692746963Z1~AMT|B6|108.74~SVC|HC^99406|18|14.07||1~DTM|472|20160105~CAS|CO|253|.29||45|3.64~REF|6R|1692746963Z2~AMT|B6|14.36~CLP|2816-5896|1|134|106.57||16|166139147|11|1~NM1|QC|1|ROBINSON|JASMINE||||MI|H40610151~NM1|74|1|ROBINSON|JASMINE||||C|H40610151~NM1|82|1|KETHA|SUMANA||||XX|1962447805~REF|1L|0W426401~REF|CE|MEDICARE ADVANTAGE HMO~DTM|232|20160211~DTM|233|20160211~DTM|050|20160218~PER|CX|MDX PPO|TE|8085326989~SVC|HC^99214^25|130|106.57||1~DTM|472|20160211~CAS|CO|253|2.17||45|21.26~REF|6R|1692745420Z1~AMT|B6|108.74~LQ|HE|N22~SVC|HC^94760|4|0||1~DTM|472|20160211~CAS|CO|97|4~REF|6R|1692745420Z2~LQ|HE|N19~SE|340|0001~ST|835|0002~BPR|I|152.37|C|CHK||||||||||||20160223~TRN|1|001984475|1610647538~REF|EV|030240928~DTM|405|20160223~N1|PR|HUMANA INC.|XV|610647538~N3|P.O. BOX 14601~N4|LEXINGTON|KY|405124601~PER|BL~N1|PE|DFW GERIATRICS PLLC|XX|1063835361~N3|2925 SKYWAY CIR N~N4|IRVING|TX|750383510~REF|PQ|338034~REF|TJ|464596718~LX|1~TS3|1962447805|11|20161231|2|431~CLP|521-4516|1|252|0||16|163317409|11|1~NM1|QC|1|COMPTON|BONITA||||MI|H51836359~NM1|74|1|COMPTON|BONITA||||C|H51836359~NM1|82|1|KETHA|SUMANA||||XX|1962447805~REF|1L|0Q321419~REF|CE|MEDICARE ADVANTAGE HMO~DTM|232|20151124~DTM|233|20151124~DTM|050|20151228~PER|CX|MDX PPO|TE|8085326989~SVC|HC^95923|252|0||1~DTM|472|20151124~CAS|CO|243|252~REF|6R|1644943439Z3~LQ|HE|N630~CLP|422-5122|1|179|152.37||16|166065789|11|1~NM1|QC|1|WILSON|VIVIAN||||MI|H42565822~NM1|74|1|WILSON|VIVIAN||||C|H42565822~NM1|82|1|KETHA|SUMANA||||XX|1962447805~REF|1L|0Q321419~REF|CE|MEDICARE ADVANTAGE HMO~DTM|232|20151218~DTM|233|20151218~DTM|050|20160217~PER|CX|MDX PPO|TE|8085326989~SVC|HC^G0439^25|135|116.19||1~DTM|472|20151218~CAS|CO|253|2.37||45|16.44~REF|6R|1691705163Z1~AMT|B6|118.56~SVC|HC^G0444|22|18.09||1~DTM|472|20151218~CAS|CO|253|.37||45|3.54~REF|6R|1691705163Z2~AMT|B6|18.46~SVC|HC^G0442|22|18.09||1~DTM|472|20151218~CAS|CO|253|.37||45|3.54~REF|6R|1691705163Z3~AMT|B6|18.46~SE|57|0002~GE|2|1792~IEA|1|000001797~