ISA|00|          |00|          |ZZ|ZIRMED         |30|611340767      |160223|1618|U|00401|000001793|0|P|^~GS|HP|ZIRMED|611340767|20160223|1618|1788|X|004010X091A1~ST|835|0001~BPR|I|43.68|C|ACH|CCP|01|011900445|DA|0000009046|1066033492||01|111000025|DA|488038453432|20160226~TRN|1|816053500003871|1066033492~REF|EV|611340767~DTM|405|20160223~N1|PR|AETNA~N3|151 FARMINGTON AVENUE~N4|HARTFORD|CT|06156~N1|PE|KETHA, SUMANA|XX|1063835361~N3|2925 SKYWAY CIR N~N4|IRVING|TX|750383510~REF|PQ|762610840~REF|TJ|464596718~LX|1~TS3|1063835361|11|20161231|3|670~CLP|6168-4603|1|566|0|456.58|13|EJPBR2KGL0000|11|1~NM1|QC|1|VARUGHESE|SHALY||||MI|W211854177~NM1|82|1|KETHA|SUMANA||||XX|1063835361~REF|1L|0878752-035-00023-FD~REF|CE|AETNA HEALTHFUND  AETNA CHOICE  POS II NET 00338~DTM|232|20151130~DTM|233|20151130~DTM|050|20160217~PER|CX||TE|8886323862~AMT|AU|566~SVC|HC^95923|252|0||1~DTM|472|20151130~CAS|CO|45|80.82~CAS|PR|1|171.18~REF|6R|1691705146Z3~AMT|B6|171.18~SVC|HC^95921|110|0||1~DTM|472|20151130~CAS|CO|45|15.45~CAS|PR|1|94.55~REF|6R|1691705146Z4~AMT|B6|94.55~SVC|HC^95923|4|0||0|HC^94760|1~DTM|472|20151130~CAS|CO|97|4|1~REF|6R|1691705146Z2~AMT|B6|4~LQ|HE|N19~SVC|HC^G8427|0|0||0||1~DTM|472|20151130~REF|6R|1691705146Z5~SVC|HC^G0438^25|200|0||0||1~DTM|472|20151130~CAS|CO|45|9.15|1~CAS|PR|119|190.85|1~REF|6R|1691705146Z1~AMT|B6|190.85~LQ|HE|N130~CLP|6166-5195|1|52|21.84|25|13|E8FBQ5CK00000|11|1~NM1|QC|1|VATTUMILLI|SATYA|SAI NAGES|||MI|W209212508~NM1|74|1||SATYA SAI NAGES~NM1|82|1|KETHA|SUMANA||||XX|1063835361~REF|1L|0820361-010-00001- A~REF|CE|AETNA CHOICE  POS II NET 00338~DTM|232|20151223~DTM|233|20151223~DTM|050|20160210~PER|CX||TE|8886323862~AMT|AU|52~SVC|HC^96372^25|29|2.33||1~DTM|472|20151223~CAS|CO|45|1.67~CAS|PR|3|25~REF|6R|1685761943Z1~AMT|B6|27.33~SVC|HC^90654|23|19.51||1~DTM|472|20151223~CAS|CO|45|3.49~REF|6R|1685761943Z2~AMT|B6|19.51~CLP|6167-5196|1|52|21.84|25|13|E8PBQ3WRP0000|11|1~NM1|QC|1|VATTUMILLI|SRILAKSHMI||||MI|W209212508~NM1|74|1||SATYA SAI NAGES~NM1|82|1|KETHA|SUMANA||||XX|1063835361~REF|1L|0820361-010-00001- A~REF|CE|AETNA CHOICE  POS II NET 00338~DTM|232|20151223~DTM|233|20151223~DTM|050|20160210~PER|CX||TE|8886323862~AMT|AU|52~SVC|HC^96372^25|29|2.33||1~DTM|472|20151223~CAS|CO|45|1.67~CAS|PR|3|25~REF|6R|1685761944Z1~AMT|B6|27.33~SVC|HC^90654|23|19.51||1~DTM|472|20151223~CAS|CO|45|3.49~REF|6R|1685761944Z2~AMT|B6|19.51~SE|98|0001~ST|835|0002~BPR|I|21.84|C|ACH|CCP|01|031100209|DA|0000009108|1066033492||01|111000025|DA|488038453432|20160226~TRN|1|816053500003872|1066033492~REF|EV|611340767~DTM|405|20160223~N1|PR|AETNA~N3|151 FARMINGTON AVENUE~N4|HARTFORD|CT|06156~N1|PE|KETHA, SUMANA|XX|1063835361~N3|2925 SKYWAY CIR N~N4|IRVING|TX|750383510~REF|PQ|762610840~REF|TJ|464596718~LX|1~TS3|1063835361|11|20161231|1|52~CLP|6137-5780|1|52|21.84|25|13|E902Q1C9F0000|11|1~NM1|QC|1|HAWKINS|VALERIE|LINN|||MI|W210844883~NM1|82|1|KETHA|SUMANA||||XX|1063835361~REF|1L|0326321-024-00007-HJ~REF|CE|AETNA OPEN ACCESS  MANAGED CHOICE NET 00338~DTM|232|20151125~DTM|233|20151125~DTM|050|20160210~PER|CX||TE|8886323862~AMT|AU|52~SVC|HC^96372^25|29|2.33||1~DTM|472|20151125~CAS|CO|45|1.67~CAS|PR|3|25~REF|6R|1685766731Z1~AMT|B6|27.33~SVC|HC^90654|23|19.51||1~DTM|472|20151125~CAS|CO|45|3.49~REF|6R|1685766731Z2~AMT|B6|19.51~SE|37|0002~GE|2|1788~IEA|1|000001793~