ISA|00|          |00|          |ZZ|ZIRMED         |ZZ|11             |160407|2127|U|00401|000001936|0|P|^~GS|HP|ZIRMED|FIS123456789|20160407|2127|1931|X|004010X091A1~ST|835|0001~BPR|H|0|C|NON||||||||||||20160401~TRN|1|CHKHST20671663|1201494502~REF|EV|FIS123456789~REF|F2|TXMC QNXT~DTM|405|20160401~N1|PR|MOLINA HEALTHCARE OF TEXAS, INC~N3|2505 N. STATE HIGHWAY 360|STE 300~N4|GRAND PRAIRIE|TX|75050~N1|PE|DFW PRIMARY CARE PLLC|XX|1063835361~N3|2925 SKYWAY CICLE NORTH~N4|IRVING|TX|750383510~REF|TJ|464596718~LX|1~CLP|6155-5231|1|199|0||MC|16091914640~NM1|QC|1|HARDEN|SHARON|D|||MI|8000880131046~NM1|74|1||||||C|529345517~NM1|82|1|KETHA|SUMANA||||XX|1962447805~REF|CE|TQMBPL6978~DTM|232|20151230~DTM|233|20151230~DTM|050|20160331~SVC|HC^99396^25|155|0||1~DTM|472|20151230~CAS|CO|A1|155~REF|6R|1732385170Z1~LQ|HE|N657~SVC|HC^G0444|22|0||1~DTM|472|20151230~CAS|CO|A1|22~REF|6R|1732385170Z2~LQ|HE|N657~SVC|HC^G0442|22|0||1~DTM|472|20151230~CAS|CO|A1|22~REF|6R|1732385170Z3~LQ|HE|N657~SE|38|0001~ST|835|0002~BPR|I|261.62|C|ACH|CCP|01|092904554|DA|150097034071|1201494502||01|111000025|DA|488038453432|20160404~TRN|1|EFT3312385|1201494502~REF|EV|FIS123456789~REF|F2|TXMC QNXT~DTM|405|20160401~N1|PR|MOLINA HEALTHCARE OF TEXAS, INC~N3|2505 N. STATE HIGHWAY 360|STE 300~N4|GRAND PRAIRIE|TX|75050~N1|PE|DFW PRIMARY CARE PLLC|XX|1063835361~N3|2925 SKYWAY CICLE NORTH~N4|IRVING|TX|750383510~REF|TJ|464596718~LX|1~CLP|6288-6337|1|204|149.71|20|MC|16084925946~NM1|QC|1|FORD|KIMBERLY||||MI|0002198598~NM1|82|1|KETHA|SUMANA||||XX|1962447805~REF|CE|45786002000201~DTM|232|20160308~DTM|233|20160308~DTM|050|20160324~AMT|AU|184~SVC|HC^99204^25|200|146.54||1~DTM|472|20160308~CAS|CO|45|33.46~CAS|PR|3|20~REF|6R|1725431273Z1~AMT|B6|166.54~SVC|HC^94760|4|3.17||1~DTM|472|20160308~CAS|CO|45|.83~REF|6R|1725431273Z2~AMT|B6|3.17~CLP|6308-6470|1|134|111.91||MC|16085908232~NM1|QC|1|LAMSAL|MANOJ||||MI|0003332270~NM1|82|1|KETHA|SUMANA||||XX|1962447805~REF|CE|45786002000206~DTM|232|20160321~DTM|233|20160321~DTM|050|20160325~AMT|AU|134~SVC|HC^99214^25|130|108.74||1~DTM|472|20160321~CAS|CO|45|21.26~REF|6R|1726658372Z1~AMT|B6|108.74~SVC|HC^94760|4|3.17||1~DTM|472|20160321~CAS|CO|45|.83~REF|6R|1726658372Z2~AMT|B6|3.17~SE|52|0002~ST|835|0003~BPR|I|85.25|C|ACH|CCP|01|092904554|DA|150097034071|1201494502||01|111000025|DA|488038453432|20160404~TRN|1|EFT3312598|1201494502~REF|EV|FIS123456789~REF|F2|TXMC QNXT~DTM|405|20160401~N1|PR|MOLINA HEALTHCARE OF TEXAS, INC~N3|2505 N. STATE HIGHWAY 360|STE 300~N4|GRAND PRAIRIE|TX|75050~N1|PE|DFW PRIMARY CARE PLLC|XX|1063835361~N3|2925 SKYWAY CICLE NORTH~N4|IRVING|TX|750383510~REF|TJ|464596718~LX|1~CLP|6085-6124|1|134|85.25||HM|16090917740~NM1|QC|1|ARINWINE|VERA|L|||MI|500000028402~NM1|82|1|KETHA|SUMANA||||XX|1962447805~REF|CE|QMXBP8141~DTM|232|20160225~DTM|233|20160225~DTM|050|20160330~AMT|AU|134~SVC|HC^99214^25|130|85.25||1~DTM|472|20160225~CAS|CO|131|1.74||2|21.75||45|21.26~REF|6R|1731379866Z1~AMT|B6|108.74~LQ|HE|MA13~SVC|HC^94760|4|0||1~DTM|472|20160225~CAS|CO|97|4~REF|6R|1731379866Z2~CLP|6085-6124|1|134|0||MC|16090917740M~NM1|QC|1|ARINWINE|VERA|L|||MI|500000028402~NM1|74|1||||||C|529814914~NM1|82|1|KETHA|SUMANA||||XX|1962447805~REF|CE|QMXBP8137~DTM|232|20160225~DTM|233|20160225~DTM|050|20160331~AMT|AU|130~SVC|HC^99214^25|130|0||1~DTM|472|20160225~CAS|CO|45|44.75~CAS|OA|23|85.25~REF|6R|1731379866Z1~AMT|B6|46.73~SVC|HC^94760|4|0||1~DTM|472|20160225~CAS|CO|45|4~REF|6R|1731379866Z2~SE|52|0003~GE|3|1931~IEA|1|000001936~