ISA|00|          |00|          |ZZ|ZIRMED         |ZZ|PAYER          |160224|1001|U|00401|000001796|0|P|^~GS|HP|ZIRMED|PROVIDERHIS|20160224|1001|1791|X|004010X091A1~ST|835|0001~BPR|I|513.21|C|ACH|CCP|01|061000104|DA|1000187147243|1742770542||01|111000025|DA|488038453432|20160224~TRN|1|0900024240|1742770542~REF|EV|999999999999999~DTM|405|20160224~N1|PR|ADVANTAGE BY SUPERIOR~N3|2100 SOUTH IH 35, SUITE 202~N4|AUSTIN|TX|78704~PER|CX||TE|8002252573~N1|PE|DFW GERIATRICS PLLC|XX|1063835361~N3|2925 SKWY CIR N~N4|IRVING|TX|75038~REF|TJ|464596718~LX|1~CLP|384-5607|1|130|48.89|64.29|HM|P049MCE04266|11|E~NM1|QC|1|DRAKE JR|THOMAS||||MR|C0008306501~NM1|IL|1|DRAKE JR|THOMAS||||MI|C0008306501~NM1|82|1|KETHA|SUMANA||||XX|1962447805~REF|EA|000000000775~REF|G2|690002~SVC|HC^99214|130|48.89||1~DTM|472|20160122~CAS|CO|45|15.82||44|1~CAS|PR|2|12.47|1|1|51.82|1~REF|6R|1692732735Z1~REF|HPI|1962447805~AMT|B6|114.18~LX|2~CLP|384-5337|1|130|0|114.18|HM|P049MCE04265|11|E~NM1|QC|1|DRAKE JR|THOMAS||||MR|C0008306501~NM1|IL|1|DRAKE JR|THOMAS||||MI|C0008306501~NM1|82|1|KETHA|SUMANA||||XX|1962447805~REF|EA|000000000774~REF|G2|690002~SVC|HC^99214^25|130|0||1~DTM|472|20160108~CAS|CO|45|15.82~CAS|PR|1|114.18|1~REF|6R|1692724623Z1~REF|HPI|1962447805~AMT|B6|114.18~LX|3~CLP|6123-5443|1|134|74.62|38.04|HM|P049MCE04326|11|E~NM1|QC|1|HARRINGTON|SANTOARY||||MR|426251454~NM1|IL|1|HARRINGTON|SANTOARY||||MI|C0012684201~NM1|82|1|KETHA|SUMANA||||XX|1962447805~REF|EA|000000000776~REF|G2|690002~SVC|HC^99214^25|130|74.62||1~DTM|472|20160114~CAS|CO|45|15.82||44|1.52~CAS|PR|2|19.04|1|1|19|1~REF|6R|1692724793Z1~REF|HPI|1962447805~AMT|B6|114.18~SVC|HC^94760|4|0||1~DTM|472|20160114~CAS|CO|97|4~REF|6R|1692724793Z2~REF|HPI|1962447805~AMT|B6|3.33~LQ|HE|M15~LX|4~CLP|245-4971|1|134|90.13|22.99|HM|P048MCE04940|11|E~NM1|QC|1|LOVE|VICKIE S||||MR|C0008177201~NM1|IL|1|LOVE|VICKIE|S|||MI|C0008177201~NM1|82|1|KETHA|SUMANA||||XX|1962447805~REF|EA|000000000777~REF|G2|690002~SVC|HC^99214^25|130|90.13||1~DTM|472|20151211~CAS|CO|45|15.04||44|1.84~CAS|PR|2|22.99|1~REF|6R|1691705159Z1~REF|HPI|1962447805~AMT|B6|114.96~SVC|HC^94760|4|0||1~DTM|472|20151211~CAS|CO|97|4~REF|6R|1691705159Z2~REF|HPI|1962447805~AMT|B6|3.34~LQ|HE|M15~LX|5~CLP|245-5597|1|152|89.51|22.84|HM|P049MCE04327|11|E~NM1|QC|1|LOVE|VICKIE S||||MR|C0008177201~NM1|IL|1|LOVE|VICKIE|S|||MI|C0008177201~NM1|82|1|KETHA|SUMANA||||XX|1962447805~REF|EA|000000000778~REF|G2|690002~SVC|HC^99214^25|130|89.51||1~DTM|472|20160122~CAS|CO|45|15.82||44|1.83~CAS|PR|2|22.84|1~REF|6R|1692732731Z1~REF|HPI|1962447805~AMT|B6|114.18~SVC|HC^99406|18|0||1~DTM|472|20160122~CAS|CO|11|18~REF|6R|1692732731Z2~REF|HPI|1962447805~AMT|B6|15.08~LQ|HE|N657~SVC|HC^94760|4|0||1~DTM|472|20160122~CAS|CO|97|4~REF|6R|1692732731Z3~REF|HPI|1962447805~AMT|B6|3.33~LQ|HE|M15~LX|6~CLP|378-5391|1|134|89.51|22.84|HM|P049MCE04267|11|E~NM1|QC|1|SEGOVIA|CANDELARIA||||MR|460962586~NM1|IL|1|SEGOVIA|CANDELARIA||||MI|C0014322801~NM1|82|1|KETHA|SUMANA||||XX|1962447805~REF|EA|000000000779~REF|G2|690002~SVC|HC^99214^25|130|89.51||1~DTM|472|20160111~CAS|CO|45|15.82||44|1.83~CAS|PR|2|22.84|1~REF|6R|1692724631Z1~REF|HPI|1962447805~AMT|B6|114.18~SVC|HC^94760|4|0||1~DTM|472|20160111~CAS|CO|97|4~REF|6R|1692724631Z2~REF|HPI|1962447805~AMT|B6|3.33~LQ|HE|M15~LX|7~CLP|6140-5335|1|152|0|132.59|HM|P049MCE04331|11|E~NM1|QC|1|BERRY|CORDELIA I||||MR|C0008205901~NM1|IL|1|BERRY|CORDELIA|I|||MI|C0008205901~NM1|82|1|KETHA|SUMANA||||XX|1962447805~REF|EA|000000000772~REF|G2|690002~SVC|HC^99214^25|130|0||1~DTM|472|20160108~CAS|CO|45|15.82~CAS|PR|1|114.18|1~REF|6R|1692724622Z1~REF|HPI|1962447805~AMT|B6|114.18~SVC|HC^99406|18|0||1~DTM|472|20160108~CAS|CO|45|2.92~CAS|PR|1|15.08|1~REF|6R|1692724622Z2~REF|HPI|1962447805~AMT|B6|15.08~SVC|HC^94760|4|0||1~DTM|472|20160108~CAS|CO|45|.67~CAS|PR|1|3.33|1~REF|6R|1692724622Z3~REF|HPI|1962447805~AMT|B6|3.33~LX|8~CLP|6138-5488|1|174|120.55|30.75|HM|P049MCE04328|11|E~NM1|QC|1|DELESMA|BETTY A||||MR|C0008217601~NM1|IL|1|DELESMA|BETTY|A|||MI|C0008217601~NM1|82|1|KETHA|SUMANA||||XX|1962447805~REF|EA|000000000773~REF|G2|690002~SVC|HC^99215|174|120.55||1~DTM|472|20160115~CAS|CO|45|20.24||44|2.46~CAS|PR|2|30.75|1~REF|6R|1692732716Z1~REF|HPI|1962447805~AMT|B6|153.76~SE|175|0001~GE|1|1791~IEA|1|000001796~