ISA|00|          |00|          |ZZ|ZIRMED         |29|E12705         |160414|0728|U|00401|000001962|0|P|^~GS|HP|ZIRMED|E12705|20160414|0728|1957|X|004010X091A1~ST|835|0001~BPR|I|2469.68|C|ACH|CCP|01|081517693|DA|152302017594|1205296137||01|111000025|DA|488038453432|20160414~TRN|1|892829101|1205296137~REF|EV|E12705~DTM|405|20160413~N1|PR|NOVITAS SOLUTIONS, INC.~N3|PO BOX 3110~N4|MECHANICSBURG|PA|170551826~REF|2U|04412~PER|CX||TE|8552528782~N1|PE|DFW GERIATRICS PLLC|XX|1063835361~N3|2925 SKYWAY CIRCLE NORTH~N4|IRVING|TX|750383510~REF|TJ|464596718~LX|1~CLP|420-5284|19|134|77.78|19.84|MB|2816091406400|11|1~NM1|QC|1|AGANON|ASTERIO||||HN|630768999A~NM1|82|1||||||XX|1962447805~NM1|TT|2|ASSURED LIFE ASSOCIATION|||||PI|30281~MOA|||MA01|MA18~DTM|050|20160331~SVC|HC^99214^25|130|77.78||1~DTM|472|20160107~CAS|CO|45|26.7||237|4.09||253|1.59~CAS|PR|2|19.84~REF|6R|1733926642Z1~REF|LU|11~AMT|B6|99.21~LQ|HE|N700~LQ|HE|N699~SVC|HC^94760|4|0||||1~DTM|472|20160107~CAS|CO|50|4~REF|6R|1733926642Z2~REF|LU|11~LQ|HE|M25~LQ|HE|N115~SVC|HC^G8427|0|0||||1~DTM|472|20160107~REF|6R|1733926642Z3~REF|LU|11~LQ|HE|N620~SVC|HC^G8752|0|0||||1~DTM|472|20160107~REF|6R|1733926642Z4~REF|LU|11~LQ|HE|N620~SVC|HC^G8754|0|0||||1~DTM|472|20160107~REF|6R|1733926642Z5~REF|LU|11~LQ|HE|N620~SVC|HC^G8420|0|0||||1~DTM|472|20160107~REF|6R|1733926642Z6~REF|LU|11~LQ|HE|N620~CLP|420-5828|19|134|77.78|19.84|MB|2816091406710|11|1~NM1|QC|1|AGANON|ASTERIO||||HN|630768999A~NM1|82|1||||||XX|1962447805~NM1|TT|2|ASSURED LIFE ASSOCIATION|||||PI|30281~MOA|||MA01|MA18~DTM|050|20160331~SVC|HC^99214^25|130|77.78||1~DTM|472|20160205~CAS|CO|45|26.7||237|4.09||253|1.59~CAS|PR|2|19.84~REF|6R|1733926756Z1~REF|LU|11~AMT|B6|99.21~LQ|HE|N700~LQ|HE|N699~SVC|HC^94760|4|0||||1~DTM|472|20160205~CAS|CO|97|4~REF|6R|1733926756Z2~REF|LU|11~LQ|HE|M80~SVC|HC^G8418|0|0||||1~DTM|472|20160205~REF|6R|1733926756Z3~REF|LU|11~LQ|HE|N620~SVC|HC^G8427|0|0||||1~DTM|472|20160205~REF|6R|1733926756Z4~REF|LU|11~LQ|HE|N620~CLP|559-5831|19|134|60.15|37.83|MB|2816091406730|11|1~NM1|QC|1|AGANON|ROSITA||||HN|630769002A~NM1|82|1||||||XX|1962447805~NM1|TT|2|AMERICAN INSURANCE ADMINISTRATOR|||||PI|30151~MOA|||MA01|MA18~DTM|050|20160331~SVC|HC^99214^25|130|60.15||1~DTM|472|20160205~CAS|CO|45|26.7||237|4.09||253|1.23~CAS|PR|1|22.49||2|15.34~REF|6R|1733926771Z1~REF|LU|11~AMT|B6|99.21~LQ|HE|N700~LQ|HE|N699~SVC|HC^94760|4|0||||1~DTM|472|20160205~CAS|CO|50|4~REF|6R|1733926771Z2~REF|LU|11~LQ|HE|M25~LQ|HE|N115~SVC|HC^G8754|0|0||||1~DTM|472|20160205~REF|6R|1733926771Z3~REF|LU|11~LQ|HE|N620~SVC|HC^G8420|0|0||||1~DTM|472|20160205~REF|6R|1733926771Z4~REF|LU|11~LQ|HE|N620~SVC|HC^G8427|0|0||||1~DTM|472|20160205~REF|6R|1733926771Z5~REF|LU|11~LQ|HE|N620~CLP|559-5285|19|92|52.78|13.46|MB|2816091872920|11|1~NM1|QC|1|AGANON|ROSITA||||HN|630769002A~NM1|82|1||||||XX|1962447805~NM1|TT|2|AMERICAN INSURANCE ADMINISTRATOR|||||PI|30151~MOA|||MA01|MA18~DTM|050|20160331~SVC|HC^99213^25|88|52.78||1~DTM|472|20160107~CAS|CO|45|17.91||237|2.77||253|1.08~CAS|PR|2|13.46~REF|6R|1733972697Z1~REF|LU|11~AMT|B6|67.32~LQ|HE|N700~LQ|HE|N699~SVC|HC^94760|4|0||||1~DTM|472|20160107~CAS|CO|50|4~REF|6R|1733972697Z2~REF|LU|11~LQ|HE|M25~LQ|HE|N115~SVC|HC^G8754|0|0||||1~DTM|472|20160107~REF|6R|1733972697Z3~REF|LU|11~LQ|HE|N620~SVC|HC^G8752|0|0||||1~DTM|472|20160107~REF|6R|1733972697Z4~REF|LU|11~LQ|HE|N620~SVC|HC^G8420|0|0||||1~DTM|472|20160107~REF|6R|1733972697Z5~REF|LU|11~LQ|HE|N620~SVC|HC^G8427|0|0||||1~DTM|472|20160107~REF|6R|1733972697Z6~REF|LU|11~LQ|HE|N620~CLP|6225-5645|19|189|127.09|32.42|MB|2816091406620|11|1~NM1|QC|1|ALFORD|MARY||||HN|438500824D2~NM1|82|1||||||XX|1962447805~NM1|TT|2|CALIFORNIA-MEDICAID|||||PI|70052~MOA|||MA01|MA15|MA07~DTM|050|20160331~SVC|HC^99205^25|149|116.82||1~DTM|472|20160125~CAS|CO|253|2.38~CAS|PR|2|29.8~REF|6R|1733926722Z1~REF|LU|11~AMT|B6|149~SVC|HC^99406|18|10.27||1~DTM|472|20160125~CAS|CO|45|4.36||237|.54||253|.21~CAS|PR|2|2.62~REF|6R|1733926722Z2~REF|LU|11~AMT|B6|13.1~LQ|HE|N700~LQ|HE|N699~SVC|HC^G0442|22|0||||1~DTM|472|20160125~CAS|CO|B15|22~REF|6R|1733926722Z3~REF|LU|11~LQ|HE|M80~SVC|HC^G8427|0|0||||1~DTM|472|20160125~REF|6R|1733926722Z7~REF|LU|11~LQ|HE|N620~SVC|HC^G8754|0|0||||1~DTM|472|20160125~REF|6R|1733926722Z8~REF|LU|11~LQ|HE|N620~SVC|HC^G8420|0|0||||1~DTM|472|20160125~REF|6R|1733926722Z9~REF|LU|11~LQ|HE|N620~SVC|HC^4004F|0|0||||1~DTM|472|20160125~REF|6R|1733926722Z10~REF|LU|11~LQ|HE|N620~CLP|303-5573|19|296|77.78|185.84|MB|2816091406590|11|1~NM1|QC|1|CHAMATHIL|VARGHESE||||HN|455714580A~NM1|82|1||||||XX|1962447805~NM1|TT|2|MUTUAL OF OMAHA INSURANCE COMP|||||PI|30090~MOA|||MA01|MA18~DTM|050|20160331~SVC|HC^99214^25|130|77.78||1~DTM|472|20160121~CAS|CO|45|26.7||237|4.09||253|1.59~CAS|PR|2|19.84~REF|6R|1733926717Z1~REF|LU|11~AMT|B6|99.21~LQ|HE|N700~LQ|HE|N699~SVC|HC^99397|166|0||||1~DTM|472|20160121~CAS|PR|96|166~REF|6R|1733926717Z2~REF|LU|11~LQ|HE|N425~SVC|HC^G8427|0|0||||1~DTM|472|20160121~REF|6R|1733926717Z3~REF|LU|11~LQ|HE|N620~CLP|316-5273|1|134|77.78|19.84|MB|2816091872930|11|1~NM1|QC|1|DAVIS|MARY||||HN|414174432A~NM1|82|1||||||XX|1962447805~MOA|||MA01~DTM|050|20160331~SVC|HC^99214^25|130|77.78||1~DTM|472|20160105~CAS|CO|45|26.7||237|4.09||253|1.59~CAS|PR|2|19.84~REF|6R|1733973532Z1~REF|LU|11~AMT|B6|99.21~LQ|HE|N700~LQ|HE|N699~SVC|HC^G8427|0|0||||1~DTM|472|20160105~REF|6R|1733973532Z2~REF|LU|11~LQ|HE|N620~SVC|HC^G8754|0|0||||1~DTM|472|20160105~REF|6R|1733973532Z3~REF|LU|11~LQ|HE|N620~SVC|HC^G8417|0|0||||1~DTM|472|20160105~REF|6R|1733973532Z4~REF|LU|11~LQ|HE|N620~SVC|HC^94760|4|0||||1~DTM|472|20160105~CAS|CO|50|4~REF|6R|1733973532Z5~REF|LU|11~LQ|HE|M25~LQ|HE|N115~CLP|313-6000|19|152|88.05|22.46|MB|2816091406810|11|1~NM1|QC|1|FRICK|TERRY||||HN|467375415A~NM1|82|1||||||XX|1962447805~NM1|TT|2|ARKANSAS MEDICAID PROGRAM|||||PI|70017~MOA|||MA01|MA07~DTM|050|20160331~SVC|HC^99214^25|130|77.78||1~DTM|472|20160218~CAS|CO|45|26.7||237|4.09||253|1.59~CAS|PR|2|19.84~REF|6R|1733926797Z1~REF|LU|11~AMT|B6|99.21~LQ|HE|N700~LQ|HE|N699~SVC|HC^94760|4|0||||1~DTM|472|20160218~CAS|CO|50|4~REF|6R|1733926797Z2~REF|LU|11~LQ|HE|M25~LQ|HE|N115~SVC|HC^99406|18|10.27||1~DTM|472|20160218~CAS|CO|45|4.36||237|.54||253|.21~CAS|PR|2|2.62~REF|6R|1733926797Z3~REF|LU|11~AMT|B6|13.1~LQ|HE|N700~LQ|HE|N699~SVC|HC^G8420|0|0||||1~DTM|472|20160218~REF|6R|1733926797Z4~REF|LU|11~LQ|HE|N620~SVC|HC^G8427|0|0||||1~DTM|472|20160218~REF|6R|1733926797Z5~REF|LU|11~LQ|HE|N620~SVC|HC^4004F|0|0||||1~DTM|472|20160218~REF|6R|1733926797Z6~REF|LU|11~LQ|HE|N620~SVC|HC^G8482|0|0||||1~DTM|472|20160218~REF|6R|1733926797Z7~REF|LU|11~LQ|HE|N620~CLP|380-5953|19|134|77.78|19.84|MB|2816091406790|11|1~NM1|QC|1|HAYNES|WILLIAM||||HN|455726510TA~NM1|82|1||||||XX|1962447805~NM1|TT|2|TX HEALTH & HUMAN SERVICES COMMI|||||PI|70051~MOA|||MA01|MA07~DTM|050|20160331~SVC|HC^99214^25|130|77.78||1~DTM|472|20160216~CAS|CO|45|26.7||237|4.09||253|1.59~CAS|PR|2|19.84~REF|6R|1733926785Z1~REF|LU|11~AMT|B6|99.21~LQ|HE|N700~LQ|HE|N699~SVC|HC^94760|4|0||||1~DTM|472|20160216~CAS|CO|50|4~REF|6R|1733926785Z2~REF|LU|11~LQ|HE|M25~LQ|HE|N115~SVC|HC^G8417|0|0||||1~DTM|472|20160216~REF|6R|1733926785Z3~REF|LU|11~LQ|HE|N620~SVC|HC^1036F|0|0||||1~DTM|472|20160216~REF|6R|1733926785Z4~REF|LU|11~LQ|HE|N620~SVC|HC^G8427|0|0||||1~DTM|472|20160216~REF|6R|1733926785Z5~REF|LU|11~LQ|HE|N620~CLP|6038-6129|1|134|77.78|19.84|MB|2816091872880|11|1~NM1|QC|1|HEIDLEBERG|LINDA||||HN|458527091A~NM1|82|1||||||XX|1962447805~MOA|||MA01~DTM|050|20160331~SVC|HC^99214^25|130|77.78||1~DTM|472|20160225~CAS|CO|45|26.7||237|4.09||253|1.59~CAS|PR|2|19.84~REF|6R|1733969099Z1~REF|LU|11~AMT|B6|99.21~LQ|HE|N700~LQ|HE|N699~SVC|HC^94760|4|0||||1~DTM|472|20160225~CAS|CO|97|4~REF|6R|1733969099Z2~REF|LU|11~LQ|HE|M80~SVC|HC^G8420|0|0||||1~DTM|472|20160225~REF|6R|1733969099Z3~REF|LU|11~LQ|HE|N620~SVC|HC^G8427|0|0||||1~DTM|472|20160225~REF|6R|1733969099Z4~REF|LU|11~LQ|HE|N620~SVC|HC^G8482|0|0||||1~DTM|472|20160225~REF|6R|1733969099Z5~REF|LU|11~LQ|HE|N620~CLP|383-5347|1|134|77.78|19.84|MB|2816091406420|11|1~NM1|QC|1|HUDGINS|NANCY||||HN|509380876A~NM1|82|1||||||XX|1962447805~MOA|||MA01~DTM|050|20160331~SVC|HC^99214^25|130|77.78||1~DTM|472|20160108~CAS|CO|45|26.7||237|4.09||253|1.59~CAS|PR|2|19.84~REF|6R|1733926671Z1~REF|LU|11~AMT|B6|99.21~LQ|HE|N700~LQ|HE|N699~SVC|HC^G8427|0|0||||2~DTM|472|20160108~REF|6R|1733926671Z2~REF|LU|11~LQ|HE|N620~SVC|HC^94760|4|0||||1~DTM|472|20160108~CAS|CO|50|4~REF|6R|1733926671Z3~REF|LU|11~LQ|HE|M25~LQ|HE|N115~SVC|HC^G8420|0|0||||1~DTM|472|20160108~REF|6R|1733926671Z4~REF|LU|11~LQ|HE|N620~CLP|383-5767|1|134|77.78|19.84|MB|2816091406670|11|1~NM1|QC|1|HUDGINS|NANCY||||HN|509380876A~NM1|82|1||||||XX|1962447805~MOA|||MA01~DTM|050|20160331~SVC|HC^99214^25|130|77.78||1~DTM|472|20160202~CAS|CO|45|26.7||237|4.09||253|1.59~CAS|PR|2|19.84~REF|6R|1733926749Z1~REF|LU|11~AMT|B6|99.21~LQ|HE|N700~LQ|HE|N699~SVC|HC^94760|4|0||||1~DTM|472|20160202~CAS|CO|50|4~REF|6R|1733926749Z2~REF|LU|11~LQ|HE|M25~LQ|HE|N115~SVC|HC^G8754|0|0||||1~DTM|472|20160202~REF|6R|1733926749Z3~REF|LU|11~LQ|HE|N620~SVC|HC^G8420|0|0||||1~DTM|472|20160202~REF|6R|1733926749Z4~REF|LU|11~LQ|HE|N620~SVC|HC^G8427|0|0||||1~DTM|472|20160202~REF|6R|1733926749Z5~REF|LU|11~LQ|HE|N620~CLP|408-5295|19|134|77.78|19.84|MB|2816091872910|11|1~NM1|QC|1|JOHNSON|LINDA||||HN|467634822M~NM1|82|1||||||XX|1962447805~NM1|TT|2|TX HEALTH & HUMAN SERVICES COMMI|||||PI|70051~MOA|||MA01|MA07~DTM|050|20160331~SVC|HC^99214^25|130|77.78||1~DTM|472|20160107~CAS|CO|45|26.7||237|4.09||253|1.59~CAS|PR|2|19.84~REF|6R|1733972691Z1~REF|LU|11~AMT|B6|99.21~LQ|HE|N700~LQ|HE|N699~SVC|HC^94760|4|0||||1~DTM|472|20160107~CAS|CO|97|4~REF|6R|1733972691Z2~REF|LU|11~LQ|HE|M80~SVC|HC^G8752|0|0||||1~DTM|472|20160107~REF|6R|1733972691Z3~REF|LU|11~LQ|HE|N620~SVC|HC^G8754|0|0||||1~DTM|472|20160107~REF|6R|1733972691Z4~REF|LU|11~LQ|HE|N620~SVC|HC^G8427|0|0||||1~DTM|472|20160107~REF|6R|1733972691Z5~REF|LU|11~LQ|HE|N620~CLP|6208-5521|19|149|116.82|29.8|MB|2816091406500|11|1~NM1|QC|1|LOVE|BOBBIE||||HN|453434305A~NM1|82|1||||||XX|1962447805~NM1|TT|2|TX HEALTH & HUMAN SERVICES COMMI|||||PI|70051~MOA|||MA01|MA15|MA07~DTM|050|20160331~SVC|HC^99205^25|149|116.82||1~DTM|472|20160118~CAS|CO|253|2.38~CAS|PR|2|29.8~REF|6R|1733926684Z1~REF|LU|11~AMT|B6|149~SVC|HC^G8417|0|0||||1~DTM|472|20160118~REF|6R|1733926684Z3~REF|LU|11~LQ|HE|N620~SVC|HC^G8427|0|0||||1~DTM|472|20160118~REF|6R|1733926684Z4~REF|LU|11~LQ|HE|N620~SVC|HC^1006F|0|0||||1~DTM|472|20160118~REF|6R|1733926684Z5~REF|LU|11~LQ|HE|N620~CLP|6208-5730|19|130|77.78|19.84|MB|2816091406650|11|1~NM1|QC|1|LOVE|BOBBIE||||HN|453434305A~NM1|82|1||||||XX|1962447805~NM1|TT|2|TX HEALTH & HUMAN SERVICES COMMI|||||PI|70051~MOA|||MA01|MA15|MA07~DTM|050|20160331~SVC|HC^99214^25|130|77.78||1~DTM|472|20160201~CAS|CO|45|26.7||237|4.09||253|1.59~CAS|PR|2|19.84~REF|6R|1733926741Z1~REF|LU|11~AMT|B6|99.21~LQ|HE|N700~LQ|HE|N699~SVC|HC^G8754|0|0||||1~DTM|472|20160201~REF|6R|1733926741Z3~REF|LU|11~LQ|HE|N620~SVC|HC^G8417|0|0||||1~DTM|472|20160201~REF|6R|1733926741Z4~REF|LU|11~LQ|HE|N620~SVC|HC^G8427|0|0||||1~DTM|472|20160201~REF|6R|1733926741Z5~REF|LU|11~LQ|HE|N620~CLP|6047-5838|19|134|77.78|19.84|MB|2816091406750|11|1~NM1|QC|1|MARTINEZ|CAROLYN||||HN|450966097A~NM1|82|1||||||XX|1962447805~NM1|TT|2|TX HEALTH & HUMAN SERVICES COMMI|||||PI|70051~MOA|||MA01|MA07~DTM|050|20160331~SVC|HC^99214^25|130|77.78||1~DTM|472|20160205~CAS|CO|45|26.7||237|4.09||253|1.59~CAS|PR|2|19.84~REF|6R|1733926773Z1~REF|LU|11~AMT|B6|99.21~LQ|HE|N700~LQ|HE|N699~SVC|HC^94760|4|0||||1~DTM|472|20160205~CAS|CO|97|4~REF|6R|1733926773Z2~REF|LU|11~LQ|HE|M80~SVC|HC^G8754|0|0||||1~DTM|472|20160205~REF|6R|1733926773Z3~REF|LU|11~LQ|HE|N620~SVC|HC^G8752|0|0||||1~DTM|472|20160205~REF|6R|1733926773Z4~REF|LU|11~LQ|HE|N620~SVC|HC^G8427|0|0||||1~DTM|472|20160205~REF|6R|1733926773Z5~REF|LU|11~LQ|HE|N620~SVC|HC^G8417|0|0||||1~DTM|472|20160205~REF|6R|1733926773Z6~REF|LU|11~LQ|HE|N620~SVC|HC^1036F|0|0||||1~DTM|472|20160205~REF|6R|1733926773Z7~REF|LU|11~LQ|HE|N620~CLP|6047-5306|19|134|77.78|19.84|MB|2816091872900|11|1~NM1|QC|1|MARTINEZ|CAROLYN||||HN|450966097A~NM1|82|1||||||XX|1962447805~NM1|TT|2|TX HEALTH & HUMAN SERVICES COMMI|||||PI|70051~MOA|||MA01|MA07~DTM|050|20160331~SVC|HC^99214^25|130|77.78||1~DTM|472|20160107~CAS|CO|45|26.7||237|4.09||253|1.59~CAS|PR|2|19.84~REF|6R|1733970788Z1~REF|LU|11~AMT|B6|99.21~LQ|HE|N700~LQ|HE|N699~SVC|HC^94760|4|0||||1~DTM|472|20160107~CAS|CO|97|4~REF|6R|1733970788Z2~REF|LU|11~LQ|HE|M80~SVC|HC^G8427|0|0||||1~DTM|472|20160107~REF|6R|1733970788Z3~REF|LU|11~LQ|HE|N620~SVC|HC^G8417|0|0||||1~DTM|472|20160107~REF|6R|1733970788Z4~REF|LU|11~LQ|HE|N620~SVC|HC^G8754|0|0||||1~DTM|472|20160107~REF|6R|1733970788Z5~REF|LU|11~LQ|HE|N620~SVC|HC^G8752|0|0||||1~DTM|472|20160107~REF|6R|1733970788Z6~REF|LU|11~LQ|HE|N620~SVC|HC^1036F|0|0||||1~DTM|472|20160107~REF|6R|1733970788Z7~REF|LU|11~LQ|HE|N620~CLP|612-5470|1|130|77.78|19.84|MB|2816091406480|11|1~NM1|QC|1|MOODY|LONNIE||||HN|462026222A~NM1|82|1||||||XX|1962447805~MOA|||MA01~DTM|050|20160331~SVC|HC^99214^25|130|77.78||1~DTM|472|20160115~CAS|CO|45|26.7||237|4.09||253|1.59~CAS|PR|2|19.84~REF|6R|1733926682Z1~REF|LU|11~AMT|B6|99.21~LQ|HE|N700~LQ|HE|N699~SVC|HC^G8754|0|0||||1~DTM|472|20160115~REF|6R|1733926682Z2~REF|LU|11~LQ|HE|N620~SVC|HC^G8427|0|0||||1~DTM|472|20160115~REF|6R|1733926682Z3~REF|LU|11~LQ|HE|N620~SVC|HC^G8417|0|0||||1~DTM|472|20160115~REF|6R|1733926682Z4~REF|LU|11~LQ|HE|N620~SVC|HC^G8482|0|0||||1~DTM|472|20160115~REF|6R|1733926682Z5~REF|LU|11~LQ|HE|N620~CLP|6152-5775|1|196|115.02|29.34|MB|2816091406690|11|1~NM1|QC|1|PRINGLE|GREGORY||||HN|464398606A~NM1|82|1||||||XX|1962447805~MOA|||MA01~DTM|050|20160331~SVC|HC^99215^25|174|104.75||1~DTM|472|20160202~CAS|CO|45|34.88||237|5.51||253|2.14~CAS|PR|2|26.72~REF|6R|1733926754Z1~REF|LU|11~AMT|B6|133.61~LQ|HE|N700~LQ|HE|N699~SVC|HC^99406|18|10.27||1~DTM|472|20160202~CAS|CO|45|4.36||237|.54||253|.21~CAS|PR|2|2.62~REF|6R|1733926754Z2~REF|LU|11~AMT|B6|13.1~LQ|HE|N700~LQ|HE|N699~SVC|HC^94760|4|0||||1~DTM|472|20160202~CAS|CO|97|4~REF|6R|1733926754Z3~REF|LU|11~LQ|HE|M80~SVC|HC^G8427|0|0||||1~DTM|472|20160202~REF|6R|1733926754Z4~REF|LU|11~LQ|HE|N620~SVC|HC^G8754|0|0||||1~DTM|472|20160202~REF|6R|1733926754Z5~REF|LU|11~LQ|HE|N620~SVC|HC^G8752|0|0||||1~DTM|472|20160202~REF|6R|1733926754Z6~REF|LU|11~LQ|HE|N620~SVC|HC^G8417|0|0||||1~DTM|472|20160202~REF|6R|1733926754Z7~REF|LU|11~LQ|HE|N620~SVC|HC^4004F|0|0||||1~DTM|472|20160202~REF|6R|1733926754Z8~REF|LU|11~LQ|HE|N620~CLP|6114-6189|19|134|77.78|19.84|MB|2816091406870|11|1~NM1|QC|1|ROBERTS|CAROL||||HN|452433604A~NM1|82|1||||||XX|1962447805~NM1|TT|2|TX HEALTH & HUMAN SERVICES COMMI|||||PI|70051~MOA|||MA01|MA07~DTM|050|20160331~SVC|HC^99214^25|130|77.78||1~DTM|472|20160229~CAS|CO|45|26.7||237|4.09||253|1.59~CAS|PR|2|19.84~REF|6R|1733926819Z1~REF|LU|11~AMT|B6|99.21~LQ|HE|N700~LQ|HE|N699~SVC|HC^94760|4|0||||1~DTM|472|20160229~CAS|CO|97|4~REF|6R|1733926819Z2~REF|LU|11~LQ|HE|M80~SVC|HC^G8754|0|0||||1~DTM|472|20160229~REF|6R|1733926819Z3~REF|LU|11~LQ|HE|N620~SVC|HC^G8752|0|0||||1~DTM|472|20160229~REF|6R|1733926819Z4~REF|LU|11~LQ|HE|N620~SVC|HC^G8427|0|0||||1~DTM|472|20160229~REF|6R|1733926819Z5~REF|LU|11~LQ|HE|N620~SVC|HC^G8417|0|0||||1~DTM|472|20160229~REF|6R|1733926819Z6~REF|LU|11~LQ|HE|N620~CLP|5229-5710|19|174|104.75|26.72|MB|2816091406630|11|1~NM1|QC|1|SANCHEZ JR|JERRY||||HN|465938670A~NM1|82|1||||||XX|1962447805~NM1|TT|2|TX HEALTH & HUMAN SERVICES COMMI|||||PI|70051~MOA|||MA01|MA07~DTM|050|20160331~SVC|HC^99215^25|174|104.75||1~DTM|472|20160129~CAS|CO|45|34.88||237|5.51||253|2.14~CAS|PR|2|26.72~REF|6R|1733926738Z1~REF|LU|11~AMT|B6|133.61~LQ|HE|N700~LQ|HE|N699~SVC|HC^G8482|0|0||||1~DTM|472|20160129~REF|6R|1733926738Z2~REF|LU|11~LQ|HE|N620~SVC|HC^G8752|0|0||||1~DTM|472|20160129~REF|6R|1733926738Z3~REF|LU|11~LQ|HE|N620~SVC|HC^G8754|0|0||||1~DTM|472|20160129~REF|6R|1733926738Z4~REF|LU|11~LQ|HE|N620~SVC|HC^G8427|0|0||||1~DTM|472|20160129~REF|6R|1733926738Z5~REF|LU|11~LQ|HE|N620~SVC|HC^G8417|0|0||||1~DTM|472|20160129~REF|6R|1733926738Z6~REF|LU|11~LQ|HE|N620~CLP|347-5410|19|134|77.78|19.84|MB|2816091406440|11|1~NM1|QC|1|SOTO|JOSE||||HN|453040927A~NM1|82|1||||||XX|1962447805~NM1|TT|2|TX HEALTH & HUMAN SERVICES COMMI|||||PI|70051~MOA|||MA01|MA07~DTM|050|20160331~SVC|HC^99214^25|130|77.78||1~DTM|472|20160112~CAS|CO|45|26.7||237|4.09||253|1.59~CAS|PR|2|19.84~REF|6R|1733926675Z1~REF|LU|11~AMT|B6|99.21~LQ|HE|N700~LQ|HE|N699~SVC|HC^94760|4|0||||1~DTM|472|20160112~CAS|CO|97|4~REF|6R|1733926675Z2~REF|LU|11~LQ|HE|M80~CLP|347-5949|19|110|63.05|16.08|MB|2816091406770|11|1~NM1|QC|1|SOTO|JOSE||||HN|453040927A~NM1|82|1||||||XX|1962447805~NM1|TT|2|TX HEALTH & HUMAN SERVICES COMMI|||||PI|70051~MOA|||MA01|MA07~DTM|050|20160331~SVC|HC^99213^25|88|52.78||1~DTM|472|20160216~CAS|CO|45|17.91||237|2.77||253|1.08~CAS|PR|2|13.46~REF|6R|1733926782Z1~REF|LU|11~AMT|B6|67.32~LQ|HE|N700~LQ|HE|N699~SVC|HC^94760|4|0||||1~DTM|472|20160216~CAS|CO|97|4~REF|6R|1733926782Z2~REF|LU|11~LQ|HE|M80~SVC|HC^G8754|0|0||||1~DTM|472|20160216~REF|6R|1733926782Z3~REF|LU|11~LQ|HE|N620~SVC|HC^G8752|0|0||||1~DTM|472|20160216~REF|6R|1733926782Z4~REF|LU|11~LQ|HE|N620~SVC|HC^G8427|0|0||||1~DTM|472|20160216~REF|6R|1733926782Z5~REF|LU|11~LQ|HE|N620~SVC|HC^G8417|0|0||||1~DTM|472|20160216~REF|6R|1733926782Z6~REF|LU|11~LQ|HE|N620~SVC|HC^4004F|0|0||||1~DTM|472|20160216~REF|6R|1733926782Z7~REF|LU|11~LQ|HE|N620~SVC|HC^99406|18|10.27||1~DTM|472|20160216~CAS|CO|45|4.36||237|.54||253|.21~CAS|PR|2|2.62~REF|6R|1733926782Z8~REF|LU|11~AMT|B6|13.1~LQ|HE|N700~LQ|HE|N699~CLP|410-5257|19|134|77.78|19.84|MB|2816091872940|11|1~NM1|QC|1|TAYLOR|LEONARD||||HN|426680464A~NM1|82|1||||||XX|1962447805~NM1|TT|2|TX HEALTH & HUMAN SERVICES COMMI|||||PI|70051~MOA|||MA01|MA07~DTM|050|20160331~SVC|HC^99214^25|130|77.78||1~DTM|472|20160105~CAS|CO|45|26.7||237|4.09||253|1.59~CAS|PR|2|19.84~REF|6R|1733975324Z1~REF|LU|11~AMT|B6|99.21~LQ|HE|N700~LQ|HE|N699~SVC|HC^94760|4|0||||1~DTM|472|20160105~CAS|CO|50|4~REF|6R|1733975324Z2~REF|LU|11~LQ|HE|M25~LQ|HE|N115~SVC|HC^G8427|0|0||||1~DTM|472|20160105~REF|6R|1733975324Z3~REF|LU|11~LQ|HE|N620~SVC|HC^1036F|0|0||||1~DTM|472|20160105~REF|6R|1733975324Z4~REF|LU|11~LQ|HE|N620~SVC|HC^G8752|0|0||||1~DTM|472|20160105~REF|6R|1733975324Z5~REF|LU|11~LQ|HE|N620~CLP|317-5259|1|148|88.05|22.46|MB|2816091406380|11|1~NM1|QC|1|TWILLEY|EDWARD||||HN|458213375A~NM1|82|1||||||XX|1962447805~MOA|||MA01|MA15~DTM|050|20160331~SVC|HC^99214^25|130|77.78||1~DTM|472|20160105~CAS|CO|45|26.7||237|4.09||253|1.59~CAS|PR|2|19.84~REF|6R|1733926634Z1~REF|LU|11~AMT|B6|99.21~LQ|HE|N700~LQ|HE|N699~SVC|HC^99406|18|10.27||1~DTM|472|20160105~CAS|CO|45|4.36||237|.54||253|.21~CAS|PR|2|2.62~REF|6R|1733926634Z3~REF|LU|11~AMT|B6|13.1~LQ|HE|N700~LQ|HE|N699~SVC|HC^G8427|0|0||||1~DTM|472|20160105~REF|6R|1733926634Z4~REF|LU|11~LQ|HE|N620~SVC|HC^4004F|0|0||||1~DTM|472|20160105~REF|6R|1733926634Z5~REF|LU|11~LQ|HE|N620~SVC|HC^G8417|0|0||||1~DTM|472|20160105~REF|6R|1733926634Z6~REF|LU|11~LQ|HE|N620~CLP|309-5538|19|152|88.05|22.46|MB|2816091406540|11|1~NM1|QC|1|VANDERPOL|ADRIAN||||HN|466297262A~NM1|82|1||||||XX|1962447805~NM1|TT|2|TX HEALTH & HUMAN SERVICES COMMI|||||PI|70051~MOA|||MA01|MA07~DTM|050|20160331~SVC|HC^99214^25|130|77.78||1~DTM|472|20160119~CAS|CO|45|26.7||237|4.09||253|1.59~CAS|PR|2|19.84~REF|6R|1733926696Z1~REF|LU|11~AMT|B6|99.21~LQ|HE|N700~LQ|HE|N699~SVC|HC^94760|4|0||||1~DTM|472|20160119~CAS|CO|97|4~REF|6R|1733926696Z2~REF|LU|11~LQ|HE|M80~SVC|HC^G8427|0|0||||1~DTM|472|20160119~REF|6R|1733926696Z3~REF|LU|11~LQ|HE|N620~SVC|HC^G8754|0|0||||1~DTM|472|20160119~REF|6R|1733926696Z4~REF|LU|11~LQ|HE|N620~SVC|HC^G8417|0|0||||1~DTM|472|20160119~REF|6R|1733926696Z5~REF|LU|11~LQ|HE|N620~SVC|HC^99406|18|10.27||1~DTM|472|20160119~CAS|CO|45|4.36||237|.54||253|.21~CAS|PR|2|2.62~REF|6R|1733926696Z6~REF|LU|11~AMT|B6|13.1~LQ|HE|N700~LQ|HE|N699~SVC|HC^4004F|0|0||||1~DTM|472|20160119~REF|6R|1733926696Z7~REF|LU|11~LQ|HE|N620~CLP|309-6003|19|134|77.78|19.84|MB|2816091406850|11|1~NM1|QC|1|VANDERPOL|ADRIAN||||HN|466297262A~NM1|82|1||||||XX|1962447805~NM1|TT|2|TX HEALTH & HUMAN SERVICES COMMI|||||PI|70051~MOA|||MA01|MA07~DTM|050|20160331~SVC|HC^99214^25|130|77.78||1~DTM|472|20160218~CAS|CO|45|26.7||237|4.09||253|1.59~CAS|PR|2|19.84~REF|6R|1733926814Z1~REF|LU|11~AMT|B6|99.21~LQ|HE|N700~LQ|HE|N699~SVC|HC^94760|4|0||||1~DTM|472|20160218~CAS|CO|97|4~REF|6R|1733926814Z2~REF|LU|11~LQ|HE|M80~SVC|HC^G8752|0|0||||1~DTM|472|20160218~REF|6R|1733926814Z3~REF|LU|11~LQ|HE|N620~SVC|HC^G8754|0|0||||1~DTM|472|20160218~REF|6R|1733926814Z4~REF|LU|11~LQ|HE|N620~SVC|HC^G8427|0|0||||1~DTM|472|20160218~REF|6R|1733926814Z5~REF|LU|11~LQ|HE|N620~SVC|HC^4004F|0|0||||1~DTM|472|20160218~REF|6R|1733926814Z6~REF|LU|11~LQ|HE|N620~CLP|6036-5539|1|130|77.78|19.84|MB|2816091406560|11|1~NM1|QC|1|VANDERPOL|BALVINA|O|||HN|341120251D~NM1|82|1||||||XX|1962447805~MOA|||MA01|MA15~DTM|050|20160331~SVC|HC^99214^25|130|77.78||1~DTM|472|20160119~CAS|CO|45|26.7||237|4.09||253|1.59~CAS|PR|2|19.84~REF|6R|1733926712Z1~REF|LU|11~AMT|B6|99.21~LQ|HE|N700~LQ|HE|N699~SVC|HC^G8417|0|0||||1~DTM|472|20160119~REF|6R|1733926712Z3~REF|LU|11~LQ|HE|N620~SVC|HC^G8427|0|0||||1~DTM|472|20160119~REF|6R|1733926712Z4~REF|LU|11~LQ|HE|N620~CLP|6036-6002|1|130|77.78|19.84|MB|2816091406830|11|1~NM1|QC|1|VANDERPOL|BALVINA|O|||HN|341120251D~NM1|82|1||||||XX|1962447805~MOA|||MA01|MA15~DTM|050|20160331~SVC|HC^99214^25|130|77.78||1~DTM|472|20160218~CAS|CO|45|26.7||237|4.09||253|1.59~CAS|PR|2|19.84~REF|6R|1733926811Z1~REF|LU|11~AMT|B6|99.21~LQ|HE|N700~LQ|HE|N699~SVC|HC^G8417|0|0||||1~DTM|472|20160218~REF|6R|1733926811Z3~REF|LU|11~LQ|HE|N620~CLP|6177-5333|1|148|88.05|22.46|MB|2816091872890|11|1~NM1|QC|1|WOLF|JIMMIE|D|||HN|487648592A~NM1|82|1||||||XX|1962447805~MOA|||MA01|MA15~DTM|050|20160331~SVC|HC^99214^25|130|77.78||1~DTM|472|20160108~CAS|CO|45|26.7||237|4.09||253|1.59~CAS|PR|2|19.84~REF|6R|1733969505Z1~REF|LU|11~AMT|B6|99.21~LQ|HE|N700~LQ|HE|N699~SVC|HC^99406|18|10.27||1~DTM|472|20160108~CAS|CO|45|4.36||237|.54||253|.21~CAS|PR|2|2.62~REF|6R|1733969505Z2~REF|LU|11~AMT|B6|13.1~LQ|HE|N700~LQ|HE|N699~SVC|HC^G8754|0|0||||1~DTM|472|20160108~REF|6R|1733969505Z4~REF|LU|11~LQ|HE|N620~SVC|HC^G8427|0|0||||1~DTM|472|20160108~REF|6R|1733969505Z5~REF|LU|11~LQ|HE|N620~SVC|HC^4004F|0|0||||1~DTM|472|20160108~REF|6R|1733969505Z6~REF|LU|11~LQ|HE|N620~SE|1146|0001~GE|1|1957~IEA|1|000001962~