ISA|00|          |00|          |ZZ|ZIRMED         |ZZ|PAYER          |160409|1450|U|00401|000001439|0|P|^~GS|HP|ZIRMED|PROVIDERHIS|20160409|1450|1439|X|004010X091A1~ST|835|0001~BPR|I|319.35|C|ACH|CCP|01|061000104|DA|1000187147243|1742770542||01|111000025|DA|004785310244|20160411~TRN|1|0901890318|1742770542~REF|EV|999999999999999~DTM|405|20160411~N1|PR|SUPERIOR HEALTH PLAN~N3|6070 GATEWAY EAST|SUITE 400~N4|EL PASO|TX|79905~PER|CX||TE|8002252573~N1|PE|SUMANA KETHA MD PA|XX|1356565865~N3|2925 SKWY CIR N~N4|IRVING|TX|75038~REF|TJ|201401614~LX|1~CLP|6144-5342|1|134|51.4||HM|P095TXE36204|11|E~NM1|QC|1|CALLOWAY|PHYLLIS||||MR|526961330~NM1|IL|1|CALLOWAY|PHYLLIS||||MI|00185480201~NM1|82|1|KETHA|SUMANA||||XX|1962447805~REF|EA|000000023182~REF|G2|168813~SVC|HC^99214^25|130|51.4||1~DTM|472|20160108~CAS|CO|45|78.6~REF|6R|1736302615Z1~REF|HPI|1962447805~AMT|B6|51.4~SVC|HC^94760|4|0||1~DTM|472|20160108~CAS|CO|97|4~REF|6R|1736302615Z2~REF|HPI|1962447805~AMT|B6|2.65~LQ|HE|N525~LX|2~CLP|6184-5251|1|405|267.95||HM|P095TXE36268|11|E~NM1|QC|1|HUMPHREY|EDWARD||||MR|509902854~NM1|IL|1|HUMPHREY|EDWARD||||MI|00194287301~NM1|82|1|KETHA|SUMANA||||XX|1962447805~REF|EA|000000023183~REF|G2|168813~SVC|HC^99205^25|149|108.88||1~DTM|472|20160107~CAS|CO|45|40.12~REF|6R|1736771316Z1~REF|HPI|1962447805~AMT|B6|108.88~SVC|HC^94760|4|0||1~DTM|472|20160107~CAS|CO|97|4~REF|6R|1736771316Z2~REF|HPI|1962447805~AMT|B6|2.65~LQ|HE|N525~SVC|HC^95923|252|159.07||1~DTM|472|20160107~CAS|CO|45|92.93~REF|6R|1736771316Z3~REF|HPI|1962447805~AMT|B6|159.07~SE|60|0001~GE|1|1439~IEA|1|000001439~