ISA|00|          |00|          |ZZ|ZIRMED         |ZZ|11             |160404|1110|U|00401|000001918|0|P|^~GS|HP|ZIRMED|FIS123456789|20160404|1110|1913|X|004010X091A1~ST|835|0001~BPR|I|470.87|C|ACH|CCP|01|092904554|DA|150097034071|1201494502||01|111000025|DA|488038453432|20160401~TRN|1|EFT3308271|1201494502~REF|EV|FIS123456789~REF|F2|TXMC QNXT~DTM|405|20160331~N1|PR|MOLINA HEALTHCARE OF TEXAS, INC~N3|2505 N. STATE HIGHWAY 360|STE 300~N4|GRAND PRAIRIE|TX|75050~N1|PE|DFW PRIMARY CARE PLLC|XX|1063835361~N3|2925 SKYWAY CICLE NORTH~N4|IRVING|TX|750383510~REF|TJ|464596718~LX|1~CLP|6271-6216|1|405|316.32||MC|16085908386~NM1|QC|1|WASIUDDIN|MD||||MI|0003669102~NM1|82|1|KETHA|SUMANA||||XX|1962447805~REF|CE|45786002000206~DTM|232|20160301~DTM|233|20160301~DTM|050|20160325~AMT|AU|405~SVC|HC^99205^25|149|149||1~DTM|472|20160301~REF|6R|1726663013Z1~AMT|B6|149~SVC|HC^94760|4|0||1~DTM|472|20160301~CAS|CO|234|4~REF|6R|1726663013Z2~LQ|HE|M15~SVC|HC^95923|252|167.32||1~DTM|472|20160301~CAS|CO|45|84.68~REF|6R|1726663013Z3~AMT|B6|167.32~CLP|6242-5869|1|190|154.55||MC|16085908405~NM1|QC|1|TARIQ|DILARA||||MI|0003334418~NM1|82|1|KETHA|SUMANA||||XX|1962447805~REF|CE|45786002000206~DTM|232|20160209~DTM|233|20160209~DTM|050|20160325~AMT|AU|190~SVC|HC^99386|186|154.55||1~DTM|472|20160209~CAS|CO|45|31.45~REF|6R|1726663235Z1~AMT|B6|154.55~SVC|HC^94760|4|0||1~DTM|472|20160209~CAS|CO|234|4~REF|6R|1726663235Z2~LQ|HE|M15~SE|55|0001~GE|1|1913~IEA|1|000001918~