ISA|00|          |00|          |ZZ|ZIRMED         |ZZ|11             |160412|1413|U|00401|000001443|0|P|^~GS|HP|ZIRMED|FIS123456789|20160412|1413|1443|X|004010X091A1~ST|835|0001~BPR|I|242.14|C|ACH|CCP|01|092904554|DA|150097034071|1201494502||01|111000025|DA|004785310244|20160411~TRN|1|EFT3329422|1201494502~REF|EV|FIS123456789~REF|F2|TXMC QNXT~DTM|405|20160408~N1|PR|MOLINA HEALTHCARE OF TEXAS, INC~N3|2505 N. STATE HIGHWAY 360|STE 300~N4|GRAND PRAIRIE|TX|75050~N1|PE|SUMANA KETHA  MD PA|XX|1356565865~N3|2925 SKYWAY CIR N~N4|IRVING|TX|750383510~REF|TJ|201401614~LX|1~CLP|5901-9873|1|207.16|118.66||MC|16096951309~NM1|QC|1|CANTU|CLARA|M|||MI|522408178~NM1|82|1|KETHA|SUMANA||||XX|1962447805~REF|CE|TQMBPL6979~DTM|232|20160106~DTM|233|20160106~DTM|050|20160405~AMT|AU|207.16~SVC|HC^99350^25|204|118.66||1~DTM|472|20160106~CAS|CO|45|85.34~REF|6R|1736303952Z1~AMT|B6|118.66~SVC|HC^94760|3.16|0||1~DTM|472|20160106~CAS|CO|97|3.16~REF|6R|1736303952Z2~CLP|6082-9940|1|251.16|2.41||MC|16096951312~NM1|QC|1|BREWER|CHARLES|W|||MI|609245416~NM1|82|1|KETHA|SUMANA||||XX|1962447805~REF|CE|TQMBPL6979~DTM|232|20160108~DTM|233|20160108~DTM|050|20160405~AMT|AU|251.16~SVC|HC^99328|248|0||1~DTM|472|20160108~CAS|CO|97|248~REF|6R|1736304033Z1~LQ|HE|N19~SVC|HC^94760|3.16|2.41||1~DTM|472|20160108~CAS|CO|45|.75~REF|6R|1736304033Z2~AMT|B6|2.41~CLP|5768-9941|1|157.16|2.41||MC|16096951315~NM1|QC|1|WILLIAMS|BRENDA|G|||MI|260688101~NM1|82|1|KETHA|SUMANA||||XX|1962447805~REF|CE|TQMBPL6979~DTM|232|20160108~DTM|233|20160108~DTM|050|20160405~AMT|AU|157.16~SVC|HC^99336|154|0||1~DTM|472|20160108~CAS|CO|97|154~REF|6R|1736308218Z1~LQ|HE|N19~SVC|HC^94760|3.16|2.41||1~DTM|472|20160108~CAS|CO|45|.75~REF|6R|1736308218Z2~AMT|B6|2.41~CLP|6040-9889|1|207.16|118.66||MC|16096951318~NM1|QC|1|SIMPSON|PRISCILLA|T|||MI|515990434~NM1|82|1|KETHA|SUMANA||||XX|1962447805~REF|CE|TQMBPL6979~DTM|232|20160106~DTM|233|20160106~DTM|050|20160405~AMT|AU|207.16~SVC|HC^99350^25|204|118.66||1~DTM|472|20160106~CAS|CO|45|85.34~REF|6R|1736308291Z1~AMT|B6|118.66~SVC|HC^94760|3.16|0||1~DTM|472|20160106~CAS|CO|97|3.16~REF|6R|1736308291Z2~CLP|5270-1047|1|109|0||MC|16098908128~NM1|QC|1|VERNON|RICHARD|T|||MI|614724725~NM1|82|1|KETHA|SUMANA||||XX|1962447805~REF|CE|TQMBPL6979~DTM|232|20150616~DTM|233|20150616~DTM|050|20160407~SVC|HC^99335|109|0||1~DTM|472|20150616~CAS|OA|18|109~REF|6R|1739798900Z1~CLP|5271-1049|1|64|0||MC|16098908133~NM1|QC|1|WOOLEN|RUFUS|E|||MI|519616329~NM1|82|1|MARCO|DALE|A|||XX|1952303547~REF|CE|TQMBPL6979~DTM|232|20150616~DTM|233|20150616~DTM|050|20160407~SVC|HC^99324|64|0||1~DTM|472|20150616~CAS|OA|18|64~REF|6R|1739798920Z1~SE|107|0001~ST|835|0002~BPR|I|1982.11|C|ACH|CCP|01|092904554|DA|150097034071|1201494502||01|111000025|DA|004785310244|20160411~TRN|1|EFT3330579|1201494502~REF|EV|FIS123456789~REF|F2|TXMC QNXT~DTM|405|20160408~N1|PR|MOLINA HEALTHCARE OF TEXAS, INC~N3|2505 N. STATE HIGHWAY 360|STE 300~N4|GRAND PRAIRIE|TX|75050~N1|PE|SUMANA KETHA  MD PA|XX|1356565865~N3|2925 SKYWAY CIR N~N4|IRVING|TX|750383510~REF|TJ|201401614~LX|1~CLP|6209-5631|1|665|548.44||MC|16096960325~NM1|QC|1|ATTEYAH|REEM||||MI|0003433027~NM1|82|1|KETHA|SUMANA||||XX|1962447805~REF|CE|45786002000206~DTM|232|20160125~DTM|233|20160125~DTM|050|20160405~AMT|AU|665~SVC|HC^99205^25|149|149||1~DTM|472|20160125~REF|6R|1736762940Z1~AMT|B6|149~SVC|HC^95923|252|167.32||1~DTM|472|20160125~CAS|CO|45|84.68~REF|6R|1736762940Z2~AMT|B6|167.32~SVC|HC^93306|264|232.12||1~DTM|472|20160125~CAS|CO|45|31.88~REF|6R|1736762940Z3~AMT|B6|232.12~CLP|6230-5657|1|405|0|319.49|MC|16096960326~NM1|QC|1|ALVAREZ|LUIS|A|||MI|0002285403~NM1|82|1|KETHA|SUMANA||||XX|1962447805~REF|CE|45786002000301~DTM|232|20160126~DTM|233|20160126~DTM|050|20160405~AMT|AU|85.51~SVC|HC^99205^25|149|0||1~DTM|472|20160126~CAS|PR|1|149~REF|6R|1736763678Z1~SVC|HC^94760|4|0||1~DTM|472|20160126~CAS|CO|45|.83~CAS|PR|1|3.17~REF|6R|1736763678Z2~SVC|HC^95923|252|0||1~DTM|472|20160126~CAS|CO|45|84.68~CAS|PR|1|167.32~REF|6R|1736763678Z3~CLP|6328-6627|1|200|166.54||MC|16096960327~NM1|QC|1|CHOWDHURY|HOSNE||||MI|0003341094~NM1|82|1|KETHA|SUMANA||||XX|1962447805~REF|CE|45786002000206~DTM|232|20160330~DTM|233|20160330~DTM|050|20160405~AMT|AU|200~SVC|HC^99204|200|166.54||1~DTM|472|20160330~CAS|CO|45|33.46~REF|6R|1736775961Z1~AMT|B6|166.54~CLP|6329-6626|1|200|166.54||MC|16096960328~NM1|QC|1|CHOWDHURY|SHAHADUL||||MI|0002914115~NM1|82|1|KETHA|SUMANA||||XX|1962447805~REF|CE|45786002000206~DTM|232|20160330~DTM|233|20160330~DTM|050|20160405~AMT|AU|200~SVC|HC^99204|200|166.54||1~DTM|472|20160330~CAS|CO|45|33.46~REF|6R|1736776811Z1~AMT|B6|166.54~CLP|6316-6578|1|204|149.71|20|MC|16096960330~NM1|QC|1|NARCIS|DANIELLA||||MI|0002249478~NM1|82|1|KETHA|SUMANA||||XX|1962447805~REF|CE|45786002000204~DTM|232|20160325~DTM|233|20160325~DTM|050|20160405~AMT|AU|184~SVC|HC^99204^25|200|146.54||1~DTM|472|20160325~CAS|CO|45|33.46~CAS|PR|3|20~REF|6R|1736780640Z1~AMT|B6|166.54~SVC|HC^94760|4|3.17||1~DTM|472|20160325~CAS|CO|45|.83~REF|6R|1736780640Z2~AMT|B6|3.17~CLP|6257-5893|1|134|111.91||MC|16097919013~NM1|QC|1|KHATUN|SUMITA||||MI|0002925360~NM1|82|1|KETHA|SUMANA||||XX|1962447805~REF|CE|45786001000206~DTM|232|20160210~DTM|233|20160210~DTM|050|20160406~AMT|AU|134~SVC|HC^99214^25|130|108.74||1~DTM|472|20160210~CAS|CO|45|21.26~REF|6R|1738847588Z1~AMT|B6|108.74~SVC|HC^94760|4|3.17||1~DTM|472|20160210~CAS|CO|45|.83~REF|6R|1738847588Z2~AMT|B6|3.17~CLP|6249-5867|1|200|146.54|20|MC|16097919014~NM1|QC|1|FORBES|RAMONA|A|||MI|0002864217~NM1|82|1|KETHA|SUMANA||||XX|1962447805~REF|CE|45786002000204~DTM|232|20160208~DTM|233|20160208~DTM|050|20160406~AMT|AU|180~SVC|HC^99204|200|146.54||1~DTM|472|20160208~CAS|CO|45|33.46~CAS|PR|3|20~REF|6R|1738848173Z1~AMT|B6|166.54~CLP|6245-5821|1|200|166.54||MC|16097919016~NM1|QC|1|IMRAN|ASMA||||MI|0002921010~NM1|74|1||||||C|0001886996~NM1|82|1|KETHA|SUMANA||||XX|1962447805~REF|CE|45786002000206~DTM|232|20160204~DTM|233|20160204~DTM|050|20160406~AMT|AU|200~SVC|HC^99204|200|166.54||1~DTM|472|20160204~CAS|CO|45|33.46~REF|6R|1738850725Z1~AMT|B6|166.54~CLP|6248-5814|1|134|111.91||MC|16097919018~NM1|QC|1|LEWIS|KENDRON||||MI|0002878067~NM1|82|1|KETHA|SUMANA||||XX|1962447805~REF|CE|45786002000206~DTM|232|20160204~DTM|233|20160204~DTM|050|20160406~AMT|AU|134~SVC|HC^99214^25|130|108.74||1~DTM|472|20160204~CAS|CO|45|21.26~REF|6R|1738851746Z1~AMT|B6|108.74~SVC|HC^94760|4|3.17||1~DTM|472|20160204~CAS|CO|45|.83~REF|6R|1738851746Z2~AMT|B6|3.17~CLP|6222-5771|1|92|76.95||MC|16097919022~NM1|QC|1|BADAWI|MANAL||||MI|0002240329~NM1|74|1||||||C|0002414014~NM1|82|1|KETHA|SUMANA||||XX|1962447805~REF|CE|45786002000206~DTM|232|20160202~DTM|233|20160202~DTM|050|20160406~AMT|AU|92~SVC|HC^99213^25|88|73.78||1~DTM|472|20160202~CAS|CO|45|14.22~REF|6R|1738860687Z1~AMT|B6|73.78~SVC|HC^94760|4|3.17||1~DTM|472|20160202~CAS|CO|45|.83~REF|6R|1738860687Z2~AMT|B6|3.17~CLP|6264-6092|1|456|337.03||MC|16097919024~NM1|QC|1|WASHINGTON|LEE||||MI|0003640628~NM1|82|1|KETHA|SUMANA||||XX|1962447805~REF|CE|45786002000206~DTM|232|20160223~DTM|233|20160223~DTM|050|20160406~AMT|AU|456~SVC|HC^99204^25|200|166.54||1~DTM|472|20160223~CAS|CO|45|33.46~REF|6R|1738841942Z1~AMT|B6|166.54~SVC|HC^94760|4|3.17||1~DTM|472|20160223~CAS|CO|45|.83~REF|6R|1738841942Z2~AMT|B6|3.17~SVC|HC^95923|252|167.32||1~DTM|472|20160223~CAS|CO|45|84.68~REF|6R|1738841942Z3~AMT|B6|167.32~SE|210|0002~ST|835|0003~BPR|I|306.58|C|ACH|CCP|01|092904554|DA|150097034071|1201494502||01|111000025|DA|004785310244|20160411~TRN|1|EFT3331483|1201494502~REF|EV|FIS123456789~REF|F2|TXMC QNXT~DTM|405|20160408~N1|PR|MOLINA HEALTHCARE OF TEXAS, INC~N3|2505 N. STATE HIGHWAY 360|STE 300~N4|GRAND PRAIRIE|TX|75050~N1|PE|SUMANA KETHA  MD PA|XX|1356565865~N3|2925 SKYWAY CIR N~N4|IRVING|TX|750383510~REF|TJ|201401614~LX|1~CLP|726-3812|1|222|153.29||HM|16096951297~NM1|QC|1|THOMAS|JIMMIE M|M|||MI|500000048599~NM1|74|1||JIMMIE~NM1|82|1|KETHA|SUMANA||||XX|1962447805~REF|CE|QMXBP8141~DTM|232|20151022~DTM|233|20151022~DTM|050|20160405~AMT|AU|222~SVC|HC^99337|222|153.29||1~DTM|472|20151022~CAS|CO|131|3.13||2|39.1||45|26.48~REF|6R|1736538439Z1~AMT|B6|195.52~LQ|HE|MA13~CLP|726-3812|1|222|0||MC|16096951297M~NM1|QC|1|THOMAS|JIMMIE M|M|||MI|500000048599~NM1|74|1||JIMMIE||||C|611290372~NM1|82|1|KETHA|SUMANA||||XX|1962447805~REF|CE|QMXBP8137~DTM|232|20151022~DTM|233|20151022~DTM|050|20160407~AMT|AU|222~SVC|HC^99337|222|0||1~DTM|472|20151022~CAS|CO|45|68.71~CAS|OA|23|153.29~REF|6R|1736538439Z1~AMT|B6|82.39~CLP|857-4360|1|222|153.29||HM|16096951306~NM1|QC|1|BURTON|DOLORES|J|||MI|500000047404~NM1|82|1|KETHA|SUMANA||||XX|1962447805~REF|CE|QMXBP8141~DTM|232|20151223~DTM|233|20151223~DTM|050|20160405~AMT|AU|222~SVC|HC^99337^25|222|153.29||1~DTM|472|20151223~CAS|CO|131|3.13||2|39.1||45|26.48~REF|6R|1736319116Z1~AMT|B6|195.52~LQ|HE|MA13~SVC|HC^G8725|0|0||1~DTM|472|20151223~REF|6R|1736319116Z2~LQ|HE|N130~SVC|HC^G8950|0|0||1~DTM|472|20151223~REF|6R|1736319116Z3~LQ|HE|N130~SVC|HC^G8427|0|0||1~DTM|472|20151223~REF|6R|1736319116Z4~LQ|HE|N130~CLP|857-4360|1|222|0||MC|16096951306M~NM1|QC|1|BURTON|DOLORES|J|||MI|500000047404~NM1|74|1||||||C|528784120~NM1|82|1|KETHA|SUMANA||||XX|1962447805~REF|CE|QMXBP8137~DTM|232|20151223~DTM|233|20151223~DTM|050|20160407~AMT|AU|222~SVC|HC^99337^25|222|0||1~DTM|472|20151223~CAS|CO|96|68.71~CAS|OA|23|153.29~REF|6R|1736319116Z1~AMT|B6|82.39~LQ|HE|N130~SVC|HC^G8725|0|0||1~DTM|472|20151223~REF|6R|1736319116Z2~LQ|HE|N130~SVC|HC^G8950|0|0||1~DTM|472|20151223~REF|6R|1736319116Z3~LQ|HE|N130~SVC|HC^G8427|0|0||1~DTM|472|20151223~REF|6R|1736319116Z4~LQ|HE|N130~SE|99|0003~GE|3|1443~IEA|1|000001443~