ISA|00|          |00|          |ZZ|ZIRMED         |29|E12705         |160206|0903|U|00401|000001748|0|P|^~GS|HP|ZIRMED|E12705|20160206|0903|1743|X|004010X091A1~ST|835|0001~BPR|I|501.47|C|ACH|CCP|01|081517693|DA|152302017594|1205296137||01|111000025|DA|488038453432|20160208~TRN|1|892379289|1205296137~REF|EV|E12705~DTM|405|20160205~N1|PR|NOVITAS SOLUTIONS, INC.~N3|PO BOX 3110~N4|MECHANICSBURG|PA|170551826~REF|2U|04412~PER|CX||TE|8552528782~N1|PE|DFW GERIATRICS PLLC|XX|1063835361~N3|2925 SKYWAY CIRCLE NORTH~N4|IRVING|TX|750383510~REF|TJ|464596718~LX|1~CLP|307-4474|19|47|31.24|7.97|MB|2816025772510|11|1~NM1|QC|1|NEAL|CHESTER||||HN|441625131A~NM1|82|1||||||XX|1962447805~NM1|TT|2|TX HEALTH & HUMAN SERVICES COMMI|||||PI|70051~MOA|||MA01|MA07~DTM|050|20160125~SVC|HC^G0179|47|31.24||1~DTM|472|20151025~CAS|CO|45|7.15||253|.64~CAS|PR|2|7.97~REF|6R|1668618090Z1~REF|LU|11~AMT|B6|39.85~CLP|307-4475|19|124|81.55|20.8|MB|2816025772530|11|1~NM1|QC|1|NEAL|CHESTER||||HN|441625131A~NM1|82|1||||||XX|1962447805~NM1|TT|2|TX HEALTH & HUMAN SERVICES COMMI|||||PI|70051~MOA|||MA01|MA07~DTM|050|20160125~SVC|HC^G0181|124|81.55||1~DTM|472|20151031~CAS|CO|45|19.99||253|1.66~CAS|PR|2|20.8~REF|6R|1668618091Z1~REF|LU|11~AMT|B6|104.01~CLP|307-4476|19|124|81.55|20.8|MB|2816025772550|11|1~NM1|QC|1|NEAL|CHESTER||||HN|441625131A~NM1|82|1||||||XX|1962447805~NM1|TT|2|TX HEALTH & HUMAN SERVICES COMMI|||||PI|70051~MOA|||MA01|MA07~DTM|050|20160125~SVC|HC^G0181|124|81.55||1~DTM|472|20151130~CAS|CO|45|19.99||253|1.66~CAS|PR|2|20.8~REF|6R|1668618092Z1~REF|LU|11~AMT|B6|104.01~CLP|307-5592|19|47|31.24|7.97|MB|2816025772570|11|1~NM1|QC|1|NEAL|CHESTER||||HN|441625131A~NM1|82|1||||||XX|1962447805~NM1|TT|2|TX HEALTH & HUMAN SERVICES COMMI|||||PI|70051~MOA|||MA01|MA07~DTM|050|20160125~SVC|HC^G0179|47|31.24||1~DTM|472|20151224~CAS|CO|45|7.15||253|.64~CAS|PR|2|7.97~REF|6R|1668618093Z1~REF|LU|11~AMT|B6|39.85~CLP|307-5593|19|124|81.55|20.8|MB|2816025772590|11|1~NM1|QC|1|NEAL|CHESTER||||HN|441625131A~NM1|82|1||||||XX|1962447805~NM1|TT|2|TX HEALTH & HUMAN SERVICES COMMI|||||PI|70051~MOA|||MA01|MA07~DTM|050|20160125~SVC|HC^G0181|124|81.55||1~DTM|472|20151231~CAS|CO|45|19.99||253|1.66~CAS|PR|2|20.8~REF|6R|1668618094Z1~REF|LU|11~AMT|B6|104.01~CLP|310-5588|19|47|31.24|7.97|MB|2816025772450|11|1~NM1|QC|1|REED|LATOSHA||||HN|454497150A~NM1|82|1||||||XX|1962447805~NM1|TT|2|TX HEALTH & HUMAN SERVICES COMMI|||||PI|70051~MOA|||MA01|MA07~DTM|050|20160125~SVC|HC^G0179|47|31.24||1~DTM|472|20151113~CAS|CO|45|7.15||253|.64~CAS|PR|2|7.97~REF|6R|1668618078Z1~REF|LU|11~AMT|B6|39.85~CLP|310-5589|19|124|81.55|20.8|MB|2816025772470|11|1~NM1|QC|1|REED|LATOSHA||||HN|454497150A~NM1|82|1||||||XX|1962447805~NM1|TT|2|TX HEALTH & HUMAN SERVICES COMMI|||||PI|70051~MOA|||MA01|MA07~DTM|050|20160125~SVC|HC^G0181|124|81.55||1~DTM|472|20151130~CAS|CO|45|19.99||253|1.66~CAS|PR|2|20.8~REF|6R|1668618079Z1~REF|LU|11~AMT|B6|104.01~CLP|310-5590|19|124|81.55|20.8|MB|2816025772490|11|1~NM1|QC|1|REED|LATOSHA||||HN|454497150A~NM1|82|1||||||XX|1962447805~NM1|TT|2|TX HEALTH & HUMAN SERVICES COMMI|||||PI|70051~MOA|||MA01|MA07~DTM|050|20160125~SVC|HC^G0181|124|81.55||1~DTM|472|20151231~CAS|CO|45|19.99||253|1.66~CAS|PR|2|20.8~REF|6R|1668618080Z1~REF|LU|11~AMT|B6|104.01~SE|120|0001~GE|1|1743~IEA|1|000001748~