ISA|00|          |00|          |ZZ|ZIRMED         |ZZ|GATE0084       |160329|1154|U|00401|000001888|1|P|^~GS|HP|ZIRMED|GATE0084|20160329|1154|1883|X|004010X091A1~ST|835|0001~BPR|I|279.27|C|ACH|CCP|01|124384877|DA|1470858534|1411289245|000087726|01|111000025|DA|488038453432|20160330~TRN|1|1199765483|1411289245|000087726~DTM|405|20160325~N1|PR|UNITED HEALTHCARE INSURANCE COMPANY|XV|87726~N3|9900 BREN ROAD~N4|MINNETONKA|MN|553430000~REF|2U|87726~PER|CX|UNITEDHEALTHCARE SERVICES INC|TE|8778423210~N1|PE|SUMANA KETHA, MD|XX|1063835361~N3|2925 SKYWAY CIR N~N4|IRVING|TX|750383510~REF|TJ|464596718~LX|1~CLP|6150-6281|19|130|74.17|18.92|16|VRG6368076900|11|1~NM1|QC|1|GREEN|NEDRA||||MI|953774049~NM1|74|1|||L~NM1|82|1|KETHA|MD|S|||XX|1962447805~NM1|TT|2|MEDICAID|||||PI|87726~REF|1L|99952~REF|CE|CARE IMPROVEMENT PLUS DUALADVA~DTM|050|20160317~DTM|232|20160304~AMT|AU|94.6~SVC|HC^99214|130|74.17||1~DTM|472|20160304~CAS|CO|45|35.4||253|1.51~CAS|PR|3|18.92~REF|6R|1719206722Z1~AMT|B6|94.6~CLP|6150-6330|19|134|74.17|18.92|16|VRG6368077100|11|1~NM1|QC|1|GREEN|NEDRA||||MI|953774049~NM1|74|1|||L~NM1|82|1|KETHA|MD|S|||XX|1962447805~NM1|TT|2|MEDICAID|||||PI|87726~REF|1L|99952~REF|CE|CARE IMPROVEMENT PLUS DUALADVA~DTM|050|20160317~DTM|232|20160308~AMT|AU|94.6~SVC|HC^99214^25|130|74.17||1~DTM|472|20160308~CAS|CO|45|35.4||253|1.51~CAS|PR|3|18.92~REF|6R|1719338733Z1~AMT|B6|94.6~SVC|HC^94760|4|0||1~DTM|472|20160308~CAS|CO|234|4~REF|6R|1719338733Z2~LQ|HE|M80~LX|2~CLP|6150-6330|1|134|18.92||MC|VRG6374504800|11|1~NM1|QC|1|GREEN|NEDRA||||MI|953774049~NM1|74|1|||L|||C|926181049~NM1|82|1|KETHA|MD|S|||XX|1962447805~REF|1L|88820~REF|CE|TX MEDICAID COST SHARE~REF|F8|6368077100~DTM|050|20160317~DTM|232|20160308~AMT|AU|18.92~SVC|HC^99214^25|130|18.92||1~DTM|472|20160308~CAS|CO|22|111.08~AMT|B6|18.92~SVC|HC^94760|4|0||1~DTM|472|20160308~CAS|OA|23|4~CLP|6150-5803|1|134|18.92||MC|VRG6374504900|11|1~NM1|QC|1|GREEN|NEDRA||||MI|953774049~NM1|74|1|||L|||C|926181049~NM1|82|1|KETHA|MD|S|||XX|1962447805~REF|1L|88820~REF|CE|TX MEDICAID COST SHARE~REF|F8|6368077000~DTM|050|20160317~DTM|232|20160204~AMT|AU|18.92~SVC|HC^99214^25|130|18.92||1~DTM|472|20160204~CAS|CO|22|111.08~AMT|B6|18.92~SVC|HC^94760|4|0||1~DTM|472|20160204~CAS|OA|23|4~CLP|6150-6281|1|130|18.92||MC|VRG6374508600|11|1~NM1|QC|1|GREEN|NEDRA||||MI|953774049~NM1|74|1|||L|||C|926181049~NM1|82|1|KETHA|MD|S|||XX|1962447805~REF|1L|88820~REF|CE|TX MEDICAID COST SHARE~REF|F8|6368076900~DTM|050|20160317~DTM|232|20160304~AMT|AU|18.92~SVC|HC^99214|130|18.92||1~DTM|472|20160304~CAS|CO|22|111.08~AMT|B6|18.92~CLP|6150-5803|19|134|74.17|18.92|16|VRG6368077000|11|1~NM1|QC|1|GREEN|NEDRA||||MI|953774049~NM1|74|1|||L~NM1|82|1|KETHA|MD|S|||XX|1962447805~NM1|TT|2|MEDICAID|||||PI|87726~REF|1L|99952~REF|CE|CARE IMPROVEMENT PLUS DUALADVA~DTM|050|20160317~DTM|232|20160204~AMT|AU|94.6~SVC|HC^99214^25|130|74.17||1~DTM|472|20160204~CAS|CO|45|35.4||253|1.51~CAS|PR|3|18.92~REF|6R|1719242379Z1~AMT|B6|94.6~SVC|HC^94760|4|0||1~DTM|472|20160204~CAS|CO|234|4~REF|6R|1719242379Z2~LQ|HE|M80~SE|122|0001~GE|1|1883~IEA|1|000001888~