ISA|00|          |00|          |ZZ|ZIRMED         |ZZ|11             |160121|1352|U|00401|000001736|0|P|^~GS|HP|ZIRMED|FIS123456789|20160121|1352|1731|X|004010X091A1~ST|835|0001~BPR|I|191.34|C|ACH|CCP|01|092904554|DA|150097034071|1201494502||01|111000025|DA|488038453432|20160120~TRN|1|EFT3111569|1201494502~REF|EV|FIS123456789~REF|F2|TXMC QNXT~DTM|405|20160119~N1|PR|MOLINA HEALTHCARE OF TEXAS, INC~N3|2505 N. STATE HIGHWAY 360|STE 300~N4|GRAND PRAIRIE|TX|75050~N1|PE|DFW PRIMARY CARE PLLC|XX|1063835361~N3|2925 SKYWAY CICLE NORTH~N4|IRVING|TX|750383510~REF|TJ|464596718~LX|1~CLP|5754-4624|1|386|191.34||MC|16013906618~NM1|QC|1|SMITH|MARY|A|||MI|513382826~NM1|82|1|KETHA|SUMANA||||XX|1962447805~REF|CE|TQMBPL6979~DTM|232|20151201~DTM|233|20151201~DTM|050|20160113~AMT|AU|386~SVC|HC^99214^25|130|46.73||1~DTM|472|20151201~CAS|CO|45|83.27~REF|6R|1657893455Z1~AMT|B6|46.73~SVC|HC^94760|4|0||1~DTM|472|20151201~CAS|CO|234|4~REF|6R|1657893455Z2~LQ|HE|M15~SVC|HC^95923|252|144.61||1~DTM|472|20151201~CAS|CO|45|107.39~REF|6R|1657893455Z3~AMT|B6|144.61~SE|38|0001~GE|1|1731~IEA|1|000001736~