ISA|00|          |00|          |ZZ|ZIRMED         |ZZ|GATE0084       |160308|1741|U|00401|000001822|1|P|^~GS|HP|ZIRMED|GATE0084|20160308|1741|1817|X|004010X091A1~ST|835|0001~BPR|I|306.72|C|ACH|CCP|01|124384877|DA|1470858534|1411289245|000087726|01|111000025|DA|488038453432|20160309~TRN|1|1QG64082862|1411289245|000087726~REF|F2|1083~DTM|405|20160304~N1|PR|UNITED HEALTHCARE INSURANCE COMPANY|XV|87726~N3|9900 BREN ROAD~N4|MINNETONKA|MN|553430000~REF|2U|87726~PER|CX|ATLANTA SERVICE CENTER|TE|8778423210~N1|PE|SUMANA KETHA|XX|1063835361~N3|2925 SKYWAY CIR N~N4|IRVING|TX|75038~REF|TJ|464596718~LX|1~TS3|1063835361|11|20161231|4|635~CLP|6089-5454|1|145|120.09||13|5838609005 0024497314|11|1~NM1|QC|1|PATEL|SHILPA~NM1|IL|1|PATEL|SHILPA||||MI|940232384~NM1|74|1||VIPUL~NM1|82|1|KETHA|SUMANA||||XX|1962447805~MOA|||MA15~REF|CE|COMP BA~REF|1L|902732~DTM|050|20160218~DTM|232|20160114~DTM|233|20160114~PER|CX|GREENSBORO SERVICE CENTER|TE|8778423210~AMT|AU|145~SVC|HC^99395^25|145|120.09||1~DTM|472|20160114~CAS|CO|45|24.91~REF|6R|1692745405Z1~AMT|B6|120.09~CLP|6149-5681|1|134|58.33|58.33|13|5838609004 0024624320|11|1~NM1|QC|1|ROBERTS|JOSHUA~NM1|IL|1|ROBERTS|JOSHUA||||MI|931541767~NM1|82|1|KETHA|SUMANA||||XX|1962447805~REF|1L|902732~REF|CE|COMP BA~DTM|050|20160218~DTM|232|20160128~DTM|233|20160128~PER|CX|GREENSBORO SERVICE CENTER|TE|8778423210~AMT|AU|130~SVC|HC^99214^25|130|58.33||1~DTM|472|20160128~CAS|CO|45|13.34~CAS|PR|2|58.33~REF|6R|1692745414Z1~AMT|B6|116.66~SVC|HC^94760|4|0||1~DTM|472|20160128~CAS|CO|234|4~REF|6R|1692745414Z2~LQ|HE|M80~CLP|2100-5304|1|333|128.3|78.34|13|5838609002 0061759224|11|1~NM1|QC|1|MANNE|SUDHA~NM1|IL|1|MANNE|SUDHA||||MI|912451217~NM1|74|1||SRINIVASA|R~NM1|82|1|KETHA|SUMANA||||XX|1962447805~REF|1L|743695~REF|CE|CHOYC+~DTM|050|20160218~DTM|232|20160107~DTM|233|20160107~PER|CX|SPRINGFIELD SERVICE CENTER|TE|8778423210~AMT|AU|329~SVC|HC^99396|155|128.3||1~DTM|472|20160107~CAS|CO|45|26.7~REF|6R|1692745871Z2~AMT|B6|128.3~SVC|HC^99215^25|174|0||1~DTM|472|20160107~CAS|CO|45|95.66~CAS|PR|1|78.34~REF|6R|1692745871Z1~AMT|B6|78.34~SVC|HC^94760|4|0||1~DTM|472|20160107~CAS|CO|234|4~REF|6R|1692745871Z3~LQ|HE|M80~CLP|432-5119|1|23|0||13|5856346669 0009684018|11|1~NM1|QC|1|SAMUTHIRAM|SIVAKUMAR~NM1|IL|1|SAMUTHIRAM|SIVAKUMAR||||MI|811572439~NM1|82|1|KETHA|SUMANA||||XX|1962447805~MOA|||MA15~REF|1L|717730~REF|CE|CHOYC+~DTM|050|20160302~DTM|232|20151218~DTM|233|20151218~PER|CX|GREENSBORO SERVICE CENTER|TE|8778423210~SVC|HC^90654|23|0||1~DTM|472|20151218~CAS|CO|96|23~REF|6R|1704118834Z2~LQ|HE|N362~SE|101|0001~GE|1|1817~IEA|1|000001822~