ISA|00|          |00|          |ZZ|ZIRMED         |ZZ|AV09311993     |160224|1553|U|00401|000001800|0|P|^~GS|HP|ZIRMED|AV01101957|20160224|1553|1795|X|004010X091A1~ST|835|0001~BPR|I|236.62|C|CHK||||||||||||20160223~TRN|1|C16054344444150|1361236610|CP201602233444441500~REF|EV|TX8355010~DTM|405|20160223~N1|PR|BLUECROSS BLUESHIELD OF TEXAS~N3|P O BOX 660044~N4|DALLAS|TX|752660044~REF|2U|G84980~N1|PE|DFW GERIATRICS PLLC|XX|1063835361~N3|2925 SKYWAY CIR N~N4|IRVING|TX|750383510~REF|TJ|464596718~LX|1~CLP|5678-4458|1|134|75.75|38|12|02016049501K2690X00|11|1~NM1|QC|1|HARRIS|MARY||||MI|UXE905620421~NM1|82|1|KETHA|SUMANA||||XX|1962447805~REF|1L|000ZGPPOX0000~REF|CE|PREFERRED PROVIDER ORGANIZATION~DTM|232|20151120~DTM|233|20151120~DTM|050|20160218~AMT|AU|113.75~SVC|HC^99214^25|130|75.75||1~DTM|472|20151120~CAS|CO|45|16.25~CAS|PR|2|38~REF|6R|1692725359Z1~AMT|B6|113.75~SVC|HC^94760|4|0||1~DTM|472|20151120~CAS|CO|97|4~REF|6R|1692725359Z2~LQ|HE|M15~LX|2~CLP|2944-2857|1|201|160.87|20|12|0201604850142P40X00|11|1~NM1|QC|1|KAJA|ARCHANA||||MI|DZVAN4175552~NM1|82|1|KETHA|SUMANA||||XX|1962447805~REF|1L|000ZGPPOX0000~REF|CE|PREFERRED PROVIDER ORGANIZATION~DTM|232|20150504~DTM|233|20150504~DTM|050|20160217~AMT|AU|180.87~SVC|HC^69210|56|36||1~DTM|472|20150504~CAS|PR|2|20~REF|6R|1691483247Z2~AMT|B6|56~SVC|HC^99395|145|124.87||1~DTM|472|20150504~CAS|CO|45|20.13~REF|6R|1691483247Z1~AMT|B6|124.87~SE|55|0001~GE|1|1795~IEA|1|000001800~