ISA|00|          |00|          |ZZ|ZIRMED         |ZZ|GATE0084       |160229|1312|U|00401|000001808|1|P|^~GS|HP|ZIRMED|GATE0084|20160229|1312|1803|X|004010X091A1~ST|835|0001~BPR|I|74.17|C|ACH|CCP|01|124384877|DA|1470858534|1411289245|000087726|01|111000025|DA|488038453432|20160229~TRN|1|1194610625|1411289245|000087726~DTM|405|20160224~N1|PR|UNITED HEALTHCARE INSURANCE COMPANY|XV|87726~N3|9900 BREN ROAD~N4|MINNETONKA|MN|553430000~REF|2U|87726~PER|CX|UNITEDHEALTHCARE SERVICES INC|TE|8778423210~N1|PE|SUMANA KETHA, MD|XX|1063835361~N3|2925 SKYWAY CIR N~N4|IRVING|TX|750383510~REF|TJ|464596718~LX|1~CLP|6150-5265|19|130|74.17|18.92|16|VRG6290118300|11|1~NM1|QC|1|GREEN|NEDRA||||MI|953774049~NM1|74|1|||L~NM1|82|1|KETHA|MD|S|||XX|1962447805~NM1|TT|2|MEDICAID|||||PI|87726~REF|1L|99952~REF|CE|CARE IMPROVEMENT PLUS DUALADVA~DTM|050|20160218~DTM|232|20160105~AMT|AU|94.6~SVC|HC^99214^25|130|74.17||1~DTM|472|20160105~CAS|CO|45|35.4||253|1.51~CAS|PR|3|18.92~REF|6R|1692725214Z1~AMT|B6|94.6~SE|31|0001~GE|1|1803~IEA|1|000001808~