ISA|00|          |00|          |ZZ|ZIRMED         |ZZ|AV09311993     |160113|1440|U|00401|000001725|0|P|^~GS|HP|ZIRMED|AV01101957|20160113|1440|1720|X|004010X091A1~ST|835|0001~BPR|I|93.21|C|CHK||||||||||||20160112~TRN|1|C16012343325540|1361236610|CP201601123433255400~REF|EV|TX8355010~DTM|405|20160112~N1|PR|BLUECROSS BLUESHIELD OF TEXAS~N3|P O BOX 660044~N4|DALLAS|TX|752660044~REF|2U|G84980~N1|PE|DFW GERIATRICS PLLC|XX|1063835361~N3|2925 SKYWAY CIR N~N4|IRVING|TX|750383510~REF|TJ|464596718~LX|1~CLP|1796-2893|1|130|93.21|20|12|0201536350431U20X00|11|1~NM1|QC|1|FUENTES|MARY||||MI|TEA806005526~NM1|82|1|KETHA|SUMANA||||XX|1962447805~REF|1L|000ZGCFAP0000~REF|CE|PREFERRED PROVIDER ORGANIZATION~DTM|232|20150512~DTM|233|20150512~DTM|050|20151229~AMT|AU|113.21~SVC|HC^99214|130|93.21||1~DTM|472|20150512~CAS|CO|45|16.79~CAS|PR|2|20~REF|6R|1645840867Z1~AMT|B6|113.21~SE|30|0001~GE|1|1720~IEA|1|000001725~