ISA|00|          |00|          |ZZ|ZIRMED         |30|611340767      |160126|1047|U|00401|000001744|0|P|^~GS|HP|ZIRMED|611340767|20160126|1047|1739|X|004010X091A1~ST|835|0001~BPR|I|191.37|C|ACH|CCP|01|011900445|DA|0000009046|1066033492||01|111000025|DA|488038453432|20160129~TRN|1|816025530003051|1066033492~REF|EV|611340767~DTM|405|20160126~N1|PR|AETNA~N3|151 FARMINGTON AVENUE~N4|HARTFORD|CT|06156~N1|PE|KETHA, SUMANA|XX|1063835361~N3|2925 SKYWAY CIR N~N4|IRVING|TX|750383510~REF|PQ|762610840~REF|TJ|464596718~LX|1~TS3|1063835361|11|20161231|3|483~CLP|364-2215|2|104|14|3.5|15|ENFBRGPJN0000|31|1~NM1|QC|1|JACKSON|MARIAN|A|||MI|463181950D~NM1|74|1||||||C|W058767023~NM1|82|1|KETHA|SUMANA||||XX|1063835361~REF|1L|0895980-030-00100-CI~REF|CE|TRADITIONAL CHOICE~DTM|232|20150107~DTM|233|20150107~DTM|050|20160114~PER|CX||TE|8886323862~AMT|AU|104~SVC|HC^99309|104|14||1~DTM|472|20150107~CAS|OA|23|86.5~CAS|PR|2|3.5~REF|6R|1645828078Z1~AMT|B6|86.09~LQ|HE|N192~CLP|364-2242|2|193|25.62|6.41|15|ENPBRJB8J0000|31|1~NM1|QC|1|JACKSON|MARIAN|A|||MI|463181950D~NM1|74|1||||||C|W058767023~NM1|82|1|KETHA|SUMANA||||XX|1063835361~REF|1L|0895980-030-00100-CI~REF|CE|TRADITIONAL CHOICE~DTM|232|20150101~DTM|233|20150101~DTM|050|20160114~PER|CX||TE|8886323862~AMT|AU|193~SVC|HC^99306|193|25.62||1~DTM|472|20150101~CAS|OA|23|160.97~CAS|PR|2|6.41~REF|6R|1645828079Z1~AMT|B6|157.58~LQ|HE|N192~CLP|6168-4426|1|186|151.75||13|E1TWQPRR80000|11|1~NM1|QC|1|VARUGHESE|SHALY||||MI|W211854177~NM1|82|1|KETHA|SUMANA||||XX|1063835361~REF|1L|0878752-035-00023-FD~REF|CE|AETNA HEALTHFUND  AETNA CHOICE  POS II NET 00338~DTM|232|20151119~DTM|233|20151119~DTM|050|20160112~PER|CX||TE|8886323862~AMT|AU|186~SVC|HC^99386|186|151.75||1~DTM|472|20151119~CAS|CO|45|34.25~REF|6R|1657901236Z1~AMT|B6|151.75~SVC|HC^G8427|0|0||0||1~DTM|472|20151119~REF|6R|1657901236Z2~SE|70|0001~GE|1|1739~IEA|1|000001744~