ISA|00|          |00|          |ZZ|ZIRMED         |ZZ|GATE0084       |160412|1458|U|00401|000001949|1|P|^~GS|HP|ZIRMED|GATE0084|20160412|1458|1944|X|004010X091A1~ST|835|0001~BPR|I|256.7|C|ACH|CCP|01|124384877|DA|1470858534|1411289245|000087726|01|111000025|DA|488038453432|20160413~TRN|1|1201969820|1411289245|000087726~DTM|405|20160407~N1|PR|UNITED HEALTHCARE INSURANCE COMPANY|XV|87726~N3|9900 BREN ROAD~N4|MINNETONKA|MN|553439664~REF|2U|87726~PER|CX|UNITEDHEALTHCARE SERVICES INC|TE|8778423210~N1|PE|DFW GERIATRICS PLLC|XX|1063835361~N3|2925 SKYWAY CIR N~N4|IRVING|TX|750383510~REF|TJ|464596718~LX|1~CLP|6268-5965|1|153|131.32|15|16|VRG6368077200|11|1~NM1|QC|1|ENRIQUEZ|RUBEN||||MI|964149291~NM1|74|1|||A~NM1|82|1|KETHA|MD|S|||XX|1962447805~REF|1L|99951~REF|CE|CARE IMPROVEMENT PLUS GOLD RX~DTM|050|20160317~DTM|232|20160216~AMT|AU|149~SVC|HC^99205^25|149|131.32||1~DTM|472|20160216~CAS|CO|253|2.68~CAS|PR|3|15~REF|6R|1719206702Z1~AMT|B6|149~SVC|HC^94760|4|0||1~DTM|472|20160216~CAS|CO|234|4~REF|6R|1719206702Z2~LQ|HE|M80~CLP|6268-6209|1|159|125.38||16|VRG6368077300|11|1~NM1|QC|1|ENRIQUEZ|RUBEN||||MI|964149291~NM1|74|1|||A~NM1|82|1|KETHA|MD|S|||XX|1962447805~REF|1L|99951~REF|CE|CARE IMPROVEMENT PLUS GOLD RX~DTM|050|20160317~DTM|232|20160301~AMT|AU|127.93~SVC|HC^99396|155|125.38||1~DTM|472|20160301~CAS|CO|45|27.07||253|2.55~REF|6R|1719214173Z1~AMT|B6|127.93~SVC|HC^94760|4|0||1~DTM|472|20160301~CAS|CO|50|4~REF|6R|1719214173Z2~LQ|HE|N115~SE|54|0001~GE|1|1944~IEA|1|000001949~