ISA|00|          |00|          |ZZ|ZIRMED         |ZZ|AV09311993     |160323|1342|U|00401|000001877|0|P|^~GS|HP|ZIRMED|AV01101957|20160323|1342|1872|X|004010X091A1~ST|835|0001~BPR|I|922.99|C|CHK||||||||||||20160322~TRN|1|C16082345164260|1361236610|CP201603223451642600~REF|EV|TX8355010~DTM|405|20160322~N1|PR|BLUECROSS BLUESHIELD OF TEXAS~N3|P O BOX 660044~N4|DALLAS|TX|752660044~REF|2U|G84980~N1|PE|DFW GERIATRICS PLLC|XX|1063835361~N3|2925 SKYWAY CIR N~N4|IRVING|TX|750383510~REF|TJ|464596718~LX|1~CLP|1912-5985|1|88|0|76.58|12|0201607850922N00X00|11|1~NM1|QC|1|ATLURI|KRANTHI||||MI|FNA834311536~NM1|82|1|KETHA|SUMANA||||XX|1962447805~REF|1L|0001212120002~REF|CE|PREFERRED PROVIDER ORGANIZATION~DTM|232|20160217~DTM|233|20160217~DTM|050|20160318~AMT|AU|76.58~SVC|HC^99213|88|0||1~DTM|472|20160217~CAS|CO|45|11.42~CAS|PR|1|76.58~REF|6R|1720406336Z1~AMT|B6|76.58~LX|2~CLP|2439-4499|1|134|93.75|20|12|020160755038F450X00|11|1~NM1|QC|1|BHATTARAI|SAMAR||||MI|DZVAN4047391~NM1|82|1|KETHA|SUMANA||||XX|1962447805~REF|1L|000ZGPPOX0000~REF|CE|PREFERRED PROVIDER ORGANIZATION~DTM|232|20151123~DTM|233|20151123~DTM|050|20160315~AMT|AU|113.75~SVC|HC^99214^25|130|93.75||1~DTM|472|20151123~CAS|CO|45|16.25~CAS|PR|2|20~REF|6R|1716378631Z1~AMT|B6|113.75~SVC|HC^94760|4|0||1~DTM|472|20151123~CAS|CO|97|4~REF|6R|1716378631Z2~LQ|HE|M15~LX|3~CLP|6210-5472|1|204|174.19||12|020160775084F910X00|11|1~NM1|QC|1|BHURTEL-BHUSAL|MAMATA||||MI|GDM118137185~NM1|74|1||||||C|GDM118137185001~NM1|82|1|KETHA|SUMANA||||XX|1962447805~REF|1L|000ZGPPOX0000~REF|CE|PREFERRED PROVIDER ORGANIZATION~DTM|232|20160115~DTM|233|20160115~DTM|050|20160317~AMT|AU|174.19~SVC|HC^99204^25|200|174.19||1~DTM|472|20160115~CAS|CO|45|25.81~REF|6R|1719338723Z1~AMT|B6|174.19~SVC|HC^94760|4|0||1~DTM|472|20160115~CAS|CO|97|4~REF|6R|1719338723Z2~LQ|HE|M15~LX|4~CLP|6210-5511|1|134|113.75||12|020160775085F470X00|11|1~NM1|QC|1|BHURTEL-BHUSAL|MAMATA||||MI|GDM118137185~NM1|74|1||||||C|GDM118137185001~NM1|82|1|KETHA|SUMANA||||XX|1962447805~REF|1L|000ZGPPOX0000~REF|CE|PREFERRED PROVIDER ORGANIZATION~DTM|232|20160118~DTM|233|20160118~DTM|050|20160317~AMT|AU|113.75~SVC|HC^99214^25|130|113.75||1~DTM|472|20160118~CAS|CO|45|16.25~REF|6R|1719444682Z1~AMT|B6|113.75~SVC|HC^94760|4|0||1~DTM|472|20160118~CAS|CO|97|4~REF|6R|1719444682Z2~LQ|HE|M15~LX|5~CLP|1141-5465|1|190|152.69||12|02016077504W4190X00|11|1~NM1|QC|1|BHUSAL|GUN||||MI|GDM118137185~NM1|74|1||||||C|GDM118137185001~NM1|82|1|KETHA|SUMANA||||XX|1962447805~REF|1L|000ZGPPOX0000~REF|CE|PREFERRED PROVIDER ORGANIZATION~DTM|232|20160114~DTM|233|20160114~DTM|050|20160317~AMT|AU|152.69~SVC|HC^99214^25|130|113.75||1~DTM|472|20160114~CAS|CO|45|16.25~REF|6R|1719243227Z1~AMT|B6|113.75~SVC|HC^90471|33|22.22||1~DTM|472|20160114~CAS|CO|45|10.78~REF|6R|1719243227Z2~AMT|B6|22.22~SVC|HC^94760|4|0||1~DTM|472|20160114~CAS|CO|97|4~REF|6R|1719243227Z3~LQ|HE|M15~SVC|HC^90654|23|16.72||1~DTM|472|20160114~CAS|CO|45|6.28~REF|6R|1719243227Z4~AMT|B6|16.72~LQ|HE|M53~LX|6~CLP|1141-5357|1|54|46.17||12|020160775052J980X00|11|1~NM1|QC|1|BHUSAL|GUN||||MI|GDM118137185~NM1|74|1||||||C|GDM118137185001~NM1|82|1|KETHA|SUMANA||||XX|1962447805~REF|1L|000ZGPPOX0000~REF|CE|PREFERRED PROVIDER ORGANIZATION~DTM|232|20160108~DTM|233|20160108~DTM|050|20160317~AMT|AU|46.17~SVC|HC^99201^25|50|46.17||1~DTM|472|20160108~CAS|CO|45|3.83~REF|6R|1719338720Z1~AMT|B6|46.17~SVC|HC^94760|4|0||1~DTM|472|20160108~CAS|CO|97|4~REF|6R|1719338720Z2~LQ|HE|M15~LX|7~CLP|6207-5494|1|149|0|149|12|0201607850432P30X00|11|1~NM1|QC|1|FEOLA|SARA||||MI|EEY88168309~NM1|74|1||||||C|EEY088168309~NM1|82|1|KETHA|SUMANA||||XX|1962447805~REF|1L|000ZGPPOX0000~REF|CE|PREFERRED PROVIDER ORGANIZATION~DTM|232|20160115~DTM|233|20160115~DTM|050|20160318~SVC|HC^99205|149|0||1~DTM|472|20160115~CAS|PR|227|149~REF|6R|1720406329Z1~LQ|HE|N4~LX|8~CLP|6207-6326|1|178|0|174|12|020160815023T980X00|11|1~NM1|QC|1|FEOLA|SARA||||MI|EEY88168309~NM1|74|1||||||C|EEY088168309~NM1|82|1|KETHA|SUMANA||||XX|1962447805~REF|1L|000ZGPPOX0000~REF|CE|PREFERRED PROVIDER ORGANIZATION~DTM|232|20160308~DTM|233|20160308~DTM|050|20160321~SVC|HC^99215|174|0||1~DTM|472|20160308~CAS|PR|227|174~REF|6R|1722522963Z1~LQ|HE|N4~SVC|HC^94760|4|0||1~DTM|472|20160308~CAS|CO|97|4~REF|6R|1722522963Z2~LQ|HE|M15~LX|9~CLP|6255-6239|1|134|98.75|15|12|02016077502W2250X00|11|1~NM1|QC|1|SUKUMARAN|SUNILKUMAR||||MI|ZGP838688781~NM1|82|1|KETHA|SUMANA||||XX|1962447805~REF|1L|0000584070003~REF|CE|PREFERRED PROVIDER ORGANIZATION~DTM|232|20160303~DTM|233|20160303~DTM|050|20160317~AMT|AU|113.75~SVC|HC^99214^25|130|98.75||1~DTM|472|20160303~CAS|CO|45|16.25~CAS|PR|1|15~REF|6R|1719214175Z1~AMT|B6|113.75~SVC|HC^94760|4|0||1~DTM|472|20160303~CAS|CO|97|4~REF|6R|1719214175Z2~LQ|HE|M15~LX|10~CLP|6255-6034|1|204|159.19|15|12|02016077502W4950X00|11|1~NM1|QC|1|SUKUMARAN|SUNILKUMAR||||MI|ZGP838688781~NM1|82|1|KETHA|SUMANA||||XX|1962447805~REF|1L|0000584070003~REF|CE|PREFERRED PROVIDER ORGANIZATION~DTM|232|20160219~DTM|233|20160219~DTM|050|20160317~AMT|AU|174.19~SVC|HC^99204^25|200|159.19||1~DTM|472|20160219~CAS|CO|45|25.81~CAS|PR|1|15~REF|6R|1719236162Z1~AMT|B6|174.19~SVC|HC^94760|4|0||1~DTM|472|20160219~CAS|CO|97|4~REF|6R|1719236162Z2~LQ|HE|M15~LX|11~CLP|6237-5695|1|124|84.5|30|12|0201607850921N50X00|11|1~NM1|QC|1|UPPALAPATI|SILPA||||MI|AMR837834043~NM1|74|1|ALAHARI|SAIKIRAN~NM1|82|1|KETHA|SUMANA||||XX|1962447805~REF|1L|0001690260702~REF|CE|PREFERRED PROVIDER ORGANIZATION~DTM|232|20160129~DTM|233|20160129~DTM|050|20160318~AMT|AU|114.5~SVC|HC^99203|124|84.5||1~DTM|472|20160129~CAS|CO|45|9.5~CAS|PR|1|30~REF|6R|1720406331Z1~AMT|B6|114.5~SE|240|0001~GE|1|1872~IEA|1|000001877~