ISA|00|          |00|          |ZZ|ZIRMED         |30|611340767      |160405|1215|U|00401|000001927|0|P|^~GS|HP|ZIRMED|611340767|20160405|1215|1922|X|004010X091A1~ST|835|0001~BPR|I|121.15|C|ACH|CCP|01|011900445|DA|0000009046|1066033492||01|111000025|DA|488038453432|20160408~TRN|1|816095560002699|1066033492~REF|EV|611340767~DTM|405|20160405~N1|PR|AETNA~N3|151 FARMINGTON AVENUE~N4|HARTFORD|CT|06156~N1|PE|KETHA, SUMANA|XX|1063835361~N3|2925 SKYWAY CIR N~N4|IRVING|TX|750383510~REF|PQ|762610840~REF|TJ|464596718~LX|1~TS3|1063835361|11|20161231|1|134~CLP|1151-6136|1|134|121.15||13|E0Y0RNK8W0000|11|1~NM1|QC|1|IKE|OBED||||MI|05473939W~NM1|74|1|||O|||C|W196737244~NM1|82|1|KETHA|SUMANA||||XX|1063835361~REF|1L|0895530-032-00201-BA~REF|CE|AETNA HEALTHFUND  AETNA CHOICE  POS II NET 00338~DTM|232|20160225~DTM|233|20160225~DTM|050|20160322~PER|CX||TE|8886323862~AMT|AU|134~SVC|HC^99214^25|130|121.15||1~DTM|472|20160225~CAS|CO|45|8.85~CAS|PR|1|121.15||187|-121.15~REF|6R|1723936281Z1~AMT|B6|121.15~SVC|HC^99214|4|0||0|HC^94760|1~DTM|472|20160225~CAS|CO|97|4|1~REF|6R|1723936281Z2~AMT|B6|4~LQ|HE|N19~SE|39|0001~GE|1|1922~IEA|1|000001927~