ISA|00|          |00|          |ZZ|ZIRMED         |ZZ|PAYER          |160331|1204|U|00401|000001905|0|P|^~GS|HP|ZIRMED|PROVIDERHIS|20160331|1204|1900|X|004010X091A1~ST|835|0001~BPR|I|22.84|C|ACH|CCP|01|061000104|DA|1000187147243|1742770542||01|111000025|DA|488038453432|20160331~TRN|1|0901870280|1742770542~REF|EV|999999999999999~DTM|405|20160331~N1|PR|SUPERIOR HEALTH PLAN~N3|6070 GATEWAY EAST|SUITE 400~N4|EL PASO|TX|79905~PER|CX||TE|8002252573~N1|PE|DFW GERIATRICS PLLC|XX|1063835361~N3|2925 SKWY CIR N~N4|IRVING|TX|75038~REF|TJ|464596718~LX|1~CLP|6138-5971|4|134|22.84||HM|P084TXE04020|11|E~NM1|QC|1|DELESMA|BETTY||||MR|513143714~NM1|IL|1|DELESMA|BETTY||||MI|00192643201~NM1|82|1|KETHA|SUMANA||||XX|1962447805~REF|EA|000000001633~REF|G2|168813~SVC|HC^99214^25|130|22.84||1~DTM|472|20160216~CAS|CO|45|17.65~CAS|OA|23|89.51~REF|6R|1719206704Z1~REF|HPI|1962447805~AMT|B6|112.35~LQ|HE|N420~SVC|HC^94760|4|0||1~DTM|472|20160216~CAS|CO|136|4~REF|6R|1719206704Z2~REF|HPI|1962447805~SE|34|0001~GE|1|1900~IEA|1|000001905~