ISA|00|          |00|          |ZZ|ZIRMED         |29|E12705         |160112|0503|U|00401|000001715|0|P|^~GS|HP|ZIRMED|E12705|20160112|0503|1710|X|004010X091A1~ST|835|0001~BPR|I|1744.41|C|ACH|CCP|01|081517693|DA|152302017594|1205296137||01|111000025|DA|488038453432|20160112~TRN|1|892179401|1205296137~REF|EV|E12705~DTM|405|20160111~N1|PR|NOVITAS SOLUTIONS, INC.~N3|PO BOX 3110~N4|MECHANICSBURG|PA|170551826~REF|2U|04412~PER|CX||TE|8552528782~N1|PE|DFW GERIATRICS PLLC|XX|1063835361~N3|2925 SKYWAY CIRCLE NORTH~N4|IRVING|TX|750383510~REF|TJ|464596718~LX|1~CLP|296-2233|19|79|51.76|13.2|MB|2815363320370|31|1~NM1|QC|1|BRUHIN|GEORGIA||||HN|451221720A~NM1|82|1||||||XX|1962447805~NM1|TT|2|UNITEDHEALTH GROUP|||||PI|30002~MOA|||MA01|MA18~DTM|050|20151229~SVC|HC^99308|79|51.76||1~DTM|472|20150108~CAS|CO|45|12.98||253|1.06~CAS|PR|2|13.2~REF|6R|1645821762Z1~REF|LU|31~AMT|B6|66.02~CLP|372-2222|19|155|101.99|26.02|MB|2815363320870|31|1~NM1|QC|1|BUCK|RICHARD||||HN|431485314A~NM1|82|1||||||XX|1962447805~NM1|TT|2|UNITEDHEALTH GROUP|||||PI|30002~MOA|||MA01|MA18~DTM|050|20151229~SVC|HC^99310|155|101.99||1~DTM|472|20150107~CAS|CO|45|24.91||253|2.08~CAS|PR|2|26.02~REF|6R|1645830952Z1~REF|LU|31~AMT|B6|130.09~CLP|340-2237|19|104|68.59|17.5|MB|2815363320670|32|1~NM1|QC|1|CLOSE|JW||||HN|459866682A~NM1|82|1||||||XX|1962447805~NM1|TT|2|TX HEALTH & HUMAN SERVICES COMMI|||||PI|70051~MOA|||MA01|MA07~DTM|050|20151229~SVC|HC^99309|104|68.59||1~DTM|472|20150121~CAS|CO|45|16.51||253|1.4~CAS|PR|2|17.5~REF|6R|1645827919Z1~REF|LU|32~AMT|B6|87.49~CLP|363-2217|19|155|101.99|26.02|MB|2815363320800|31|1~NM1|QC|1|DAY|MARY|E|||HN|449605166A~NM1|82|1||||||XX|1962447805~NM1|TT|2|MUTUAL OF OMAHA INSURANCE COMP|||||PI|30090~MOA|||MA01|MA18~DTM|050|20151229~SVC|HC^99310|155|101.99||1~DTM|472|20150105~CAS|CO|45|24.91||253|2.08~CAS|PR|2|26.02~REF|6R|1645829723Z1~REF|LU|31~AMT|B6|130.09~CLP|363-2232|19|79|51.76|13.2|MB|2815363320810|31|1~NM1|QC|1|DAY|MARY|E|||HN|449605166A~NM1|82|1||||||XX|1962447805~NM1|TT|2|MUTUAL OF OMAHA INSURANCE COMP|||||PI|30090~MOA|||MA01|MA18~DTM|050|20151229~SVC|HC^99308|79|51.76||1~DTM|472|20150108~CAS|CO|45|12.98||253|1.06~CAS|PR|2|13.2~REF|6R|1645829724Z1~REF|LU|31~AMT|B6|66.02~CLP|364-2215|19|104|68.59|17.5|MB|2815363320720|31|1~NM1|QC|1|JACKSON|MARIAN||||HN|463181950D~NM1|82|1||||||XX|1962447805~NM1|TT|2|AETNA, INC.|||||PI|00060~MOA|||MA01|MA18~DTM|050|20151229~SVC|HC^99309|104|68.59||1~DTM|472|20150107~CAS|CO|45|16.51||253|1.4~CAS|PR|2|17.5~REF|6R|1645828078Z1~REF|LU|31~AMT|B6|87.49~CLP|364-2242|19|193|125.55|32.03|MB|2815363320770|31|1~NM1|QC|1|JACKSON|MARIAN||||HN|463181950D~NM1|82|1||||||XX|1962447805~NM1|TT|2|AETNA, INC.|||||PI|00060~MOA|||MA01|MA18~DTM|050|20151229~SVC|HC^99306|193|125.55||1~DTM|472|20150101~CAS|CO|45|32.86||253|2.56~CAS|PR|2|32.03~REF|6R|1645828079Z1~REF|LU|31~AMT|B6|160.14~CLP|408-4600|19|514|304.73|77.74|MB|2815363320290|11|1~NM1|QC|1|JOHNSON|LINDA||||HN|467634822M~NM1|82|1||||||XX|1962447805~NM1|TT|2|TX HEALTH & HUMAN SERVICES COMMI|||||PI|70051~MOA|||MA01|MA07~DTM|050|20151229~SVC|HC^99214^25|130|81.56||1~DTM|472|20151130~CAS|CO|45|25.98||253|1.66~CAS|PR|2|20.8~REF|6R|1645820826Z1~REF|LU|11~AMT|B6|104.02~SVC|HC^94760|4|0||||1~DTM|472|20151130~CAS|CO|97|4~REF|6R|1645820826Z2~REF|LU|11~LQ|HE|M80~SVC|HC^95923|252|145.78||1~DTM|472|20151130~CAS|CO|45|66.05||253|2.98~CAS|PR|2|37.19~REF|6R|1645820826Z3~REF|LU|11~AMT|B6|185.95~SVC|HC^95921|110|66.66||1~DTM|472|20151130~CAS|CO|45|24.97||253|1.36~CAS|PR|2|17.01~REF|6R|1645820826Z4~REF|LU|11~AMT|B6|85.03~SVC|HC^G8417|0|0||||1~DTM|472|20151130~REF|6R|1645820826Z5~REF|LU|11~LQ|HE|N620~SVC|HC^G8427|0|0||||1~DTM|472|20151130~REF|6R|1645820826Z6~REF|LU|11~LQ|HE|N620~SVC|HC^4004F|0|0||||1~DTM|472|20151130~REF|6R|1645820826Z7~REF|LU|11~LQ|HE|N620~SVC|HC^99406|18|10.73||1~DTM|472|20151130~CAS|CO|45|4.31||253|.22~CAS|PR|2|2.74~REF|6R|1645820826Z8~REF|LU|11~AMT|B6|13.69~SVC|HC^G8754|0|0||||1~DTM|472|20151130~REF|6R|1645820826Z9~REF|LU|11~LQ|HE|N620~CLP|360-2032|19|104|68.59|17.5|MB|2815363320400|31|1~NM1|QC|1|JOHNSTON|CLEORA||||HN|159149272D~NM1|82|1||||||XX|1962447805~NM1|TT|2|UNITEDHEALTH GROUP|||||PI|30002~MOA|||MA01|MA18~DTM|050|20151229~SVC|HC^99309|104|68.59||1~DTM|472|20150112~CAS|CO|45|16.51||253|1.4~CAS|PR|2|17.5~REF|6R|1645823888Z1~REF|LU|31~AMT|B6|87.49~CLP|360-2045|19|104|68.59|17.5|MB|2815363320430|31|1~NM1|QC|1|JOHNSTON|CLEORA||||HN|159149272D~NM1|82|1||||||XX|1962447805~NM1|TT|2|UNITEDHEALTH GROUP|||||PI|30002~MOA|||MA01|MA18~DTM|050|20151229~SVC|HC^99309|104|68.59||1~DTM|472|20150115~CAS|CO|45|16.51||253|1.4~CAS|PR|2|17.5~REF|6R|1645823889Z1~REF|LU|31~AMT|B6|87.49~CLP|360-2216|19|155|101.99|26.02|MB|2815363320470|31|1~NM1|QC|1|JOHNSTON|CLEORA||||HN|159149272D~NM1|82|1||||||XX|1962447805~NM1|TT|2|UNITEDHEALTH GROUP|||||PI|30002~MOA|||MA01|MA18~DTM|050|20151229~SVC|HC^99310|155|101.99||1~DTM|472|20150105~CAS|CO|45|24.91||253|2.08~CAS|PR|2|26.02~REF|6R|1645823890Z1~REF|LU|31~AMT|B6|130.09~CLP|360-2220|19|104|68.59|17.5|MB|2815363320510|31|1~NM1|QC|1|JOHNSTON|CLEORA||||HN|159149272D~NM1|82|1||||||XX|1962447805~NM1|TT|2|UNITEDHEALTH GROUP|||||PI|30002~MOA|||MA01|MA18~DTM|050|20151229~SVC|HC^99309|104|68.59||1~DTM|472|20150108~CAS|CO|45|16.51||253|1.4~CAS|PR|2|17.5~REF|6R|1645823891Z1~REF|LU|31~AMT|B6|87.49~CLP|310-4161|19|124|81.55|20.8|MB|2815363320230|11|1~NM1|QC|1|REED|LATOSHA||||HN|454497150A~NM1|82|1||||||XX|1962447805~NM1|TT|2|TX HEALTH & HUMAN SERVICES COMMI|||||PI|70051~MOA|||MA01|MA07~DTM|050|20151229~SVC|HC^G0181|124|81.55||1~DTM|472|20151031~CAS|CO|45|19.99||253|1.66~CAS|PR|2|20.8~REF|6R|1645820623Z1~REF|LU|11~AMT|B6|104.01~CLP|310-4160|19|124|81.55|20.8|MB|2815363320260|11|1~NM1|QC|1|REED|LATOSHA||||HN|454497150A~NM1|82|1||||||XX|1962447805~NM1|TT|2|TX HEALTH & HUMAN SERVICES COMMI|||||PI|70051~MOA|||MA01|MA07~DTM|050|20151229~SVC|HC^G0181|124|81.55||1~DTM|472|20150930~CAS|CO|45|19.99||253|1.66~CAS|PR|2|20.8~REF|6R|1645820625Z1~REF|LU|11~AMT|B6|104.01~CLP|310-4159|19|61|40.62|10.36|MB|2815363320330|11|1~NM1|QC|1|REED|LATOSHA||||HN|454497150A~NM1|82|1||||||XX|1962447805~NM1|TT|2|TX HEALTH & HUMAN SERVICES COMMI|||||PI|70051~MOA|||MA01|MA07~DTM|050|20151229~SVC|HC^G0180|61|40.62||1~DTM|472|20150914~CAS|CO|45|9.19||253|.83~CAS|PR|2|10.36~REF|6R|1645820830Z1~REF|LU|11~AMT|B6|51.81~CLP|357-2005|19|51|33.52|8.55|MB|2815363320830|32|1~NM1|QC|1|RUTHERFORD|ODESSA||||HN|454382530A~NM1|82|1||||||XX|1962447805~NM1|TT|2|TX HEALTH & HUMAN SERVICES COMMI|||||PI|70051~MOA|||MA01|MA07~DTM|050|20151229~SVC|HC^99307|51|33.52||1~DTM|472|20150108~CAS|CO|45|8.25||253|.68~CAS|PR|2|8.55~REF|6R|1645830689Z1~REF|LU|32~AMT|B6|42.75~CLP|357-2016|19|79|51.76|13.2|MB|2815363320850|31|1~NM1|QC|1|RUTHERFORD|ODESSA||||HN|454382530A~NM1|82|1||||||XX|1962447805~NM1|TT|2|TX HEALTH & HUMAN SERVICES COMMI|||||PI|70051~MOA|||MA01|MA07~DTM|050|20151229~SVC|HC^99308|79|51.76||1~DTM|472|20150105~CAS|CO|45|12.98||253|1.06~CAS|PR|2|13.2~REF|6R|1645830690Z1~REF|LU|31~AMT|B6|66.02~CLP|362-2043|19|104|68.59|17.5|MB|2815363320540|31|1~NM1|QC|1|TAPPEN|FRANCES||||HN|510093885D~NM1|82|1||||||XX|1962447805~NM1|TT|2|WPS - TRICARE FOR LIFE|||||PI|60000~MOA|||MA01|MA18~DTM|050|20151229~SVC|HC^99309|104|68.59||1~DTM|472|20150112~CAS|CO|45|16.51||253|1.4~CAS|PR|2|17.5~REF|6R|1645824427Z1~REF|LU|31~AMT|B6|87.49~CLP|362-2049|19|104|68.59|17.5|MB|2815363320560|31|1~NM1|QC|1|TAPPEN|FRANCES||||HN|510093885D~NM1|82|1||||||XX|1962447805~NM1|TT|2|WPS - TRICARE FOR LIFE|||||PI|60000~MOA|||MA01|MA18~DTM|050|20151229~SVC|HC^99309|104|68.59||1~DTM|472|20150115~CAS|CO|45|16.51||253|1.4~CAS|PR|2|17.5~REF|6R|1645824428Z1~REF|LU|31~AMT|B6|87.49~CLP|362-2214|19|155|101.99|26.02|MB|2815363320600|31|1~NM1|QC|1|TAPPEN|FRANCES||||HN|510093885D~NM1|82|1||||||XX|1962447805~NM1|TT|2|WPS - TRICARE FOR LIFE|||||PI|60000~MOA|||MA01|MA18~DTM|050|20151229~SVC|HC^99310|155|101.99||1~DTM|472|20150105~CAS|CO|45|24.91||253|2.08~CAS|PR|2|26.02~REF|6R|1645824429Z1~REF|LU|31~AMT|B6|130.09~CLP|362-2234|19|51|33.52|8.55|MB|2815363320640|31|1~NM1|QC|1|TAPPEN|FRANCES||||HN|510093885D~NM1|82|1||||||XX|1962447805~NM1|TT|2|WPS - TRICARE FOR LIFE|||||PI|60000~MOA|||MA01|MA18~DTM|050|20151229~SVC|HC^99307|51|33.52||1~DTM|472|20150108~CAS|CO|45|8.25||253|.68~CAS|PR|2|8.55~REF|6R|1645824430Z1~REF|LU|31~AMT|B6|42.75~SE|336|0001~GE|1|1710~IEA|1|000001715~