ISA|00|          |00|          |ZZ|ZIRMED         |ZZ|PAYER          |160325|1452|U|00401|000001884|0|P|^~GS|HP|ZIRMED|PROVIDERHIS|20160325|1452|1879|X|004010X091A1~ST|835|0001~BPR|I|629.86|C|ACH|CCP|01|111000614|DA|708031463|1208058761||01|111000025|DA|488038453432|20160325~TRN|1|1001021488|1208058761~REF|EV|472325~N1|PR|WELLCARE OF TEXAS, INC.|XV|208058761~N3|P.O. BOX 31370~N4|TAMPA|FL|33631~REF|2U|TMR~N1|PE|DFW GERIATRICS PLLC|FI|464596718~N3|2925 SKYWAY CIRCLE NORTH~N4|IRVING|TX|75038~LX|1~TS3|464596718|11|20161231|4|838~CLP|2732-5862|1|134|111.9||MB|614589925~NM1|QC|1|PEACHES|DONNELL||||MI|13882656~NM1|82|1|KETHA|SUMANA||||XX|1962447805~REF|G2|520919~DTM|232|20160208~AMT|AU|117.51~SVC|HC^99214^25|130|111.9||1~DTM|472|20160208~CAS|CO|45|15.82~CAS|PI|253|2.28~REF|6R|1722522913Z1~AMT|B6|114.18~SVC|HC^94760|4|0||0||1~DTM|472|20160208~CAS|CO|234|4|1~REF|6R|1722522913Z2~AMT|B6|3.33~LQ|HE|M15~CLP|3301-6193|1|159|131.64||MB|614589927~NM1|QC|1|BOWENS|JACQUELINE|P|||MI|14696876~NM1|82|1|KETHA|SUMANA||||XX|1962447805~REF|G2|520919~DTM|232|20160229~AMT|AU|137.66~SVC|HC^99396^25|155|131.64||1~DTM|472|20160229~CAS|CO|45|20.67~CAS|PI|253|2.69~REF|6R|1722522935Z1~AMT|B6|134.33~SVC|HC^94760|4|0||0||1~DTM|472|20160229~CAS|CO|146|4|1~REF|6R|1722522935Z2~AMT|B6|3.33~LQ|HE|M64~CLP|425-6302|1|386|254.68|30|MB|614589928~NM1|QC|1|SYED|SHAZAMANE||||MI|16306511~NM1|82|1|KETHA|SUMANA||||XX|1962447805~REF|G2|520919~DTM|232|20160307~AMT|AU|293.2~SVC|HC^99214^25|130|107||1~DTM|472|20160307~CAS|CO|45|15.82~CAS|PI|253|2.18~CAS|PR|3|5~REF|6R|1722522962Z1~AMT|B6|114.18~SVC|HC^94760|4|0||0||1~DTM|472|20160307~CAS|CO|234|4|1~REF|6R|1722522962Z2~AMT|B6|3.33~LQ|HE|M15~SVC|HC^95923|252|147.68||1~DTM|472|20160307~CAS|CO|45|76.31~CAS|PI|253|3.01~CAS|PR|3|25~REF|6R|1722522962Z3~AMT|B6|175.69~CLP|6092-6085|1|159|131.64|3.33|MB|614590135~NM1|QC|1|JONES|SHIRLEY|J|||MI|16586372~NM1|82|1|KETHA|SUMANA||||XX|1962447805~REF|G2|520919~DTM|232|20160223~AMT|AU|137.66~SVC|HC^99396^25|155|131.64||1~DTM|472|20160223~CAS|CO|45|20.67~CAS|PI|253|2.69~REF|6R|1722522927Z1~AMT|B6|134.33~SVC|HC^94760|4|0||1~DTM|472|20160223~CAS|CO|45|.67~CAS|PR|3|3.33~REF|6R|1722522927Z2~AMT|B6|3.33~SE|94|0001~GE|1|1879~IEA|1|000001884~