ISA|00|          |00|          |ZZ|ZIRMED         |29|E12705         |160109|0737|U|00401|000001713|0|P|^~GS|HP|ZIRMED|E12705|20160109|0737|1708|X|004010X091A1~ST|835|0001~BPR|I|3881.13|C|ACH|CCP|01|081517693|DA|152302017594|1205296137||01|111000025|DA|488038453432|20160111~TRN|1|892159435|1205296137~REF|EV|E12705~DTM|405|20160108~N1|PR|NOVITAS SOLUTIONS, INC.~N3|PO BOX 3110~N4|MECHANICSBURG|PA|170551826~REF|2U|04412~PER|CX||TE|8552528782~N1|PE|DFW GERIATRICS PLLC|XX|1063835361~N3|2925 SKYWAY CIRCLE NORTH~N4|IRVING|TX|750383510~REF|TJ|464596718~LX|1~CLP|420-4306|19|130|81.56|20.8|MB|3215362183420|11|1~NM1|QC|1|AGANON|ASTERIO||||HN|630768999A~NM1|82|1||||||XX|1962447805~NM1|TT|2|ASSURED LIFE ASSOCIATION|||||PI|30281~MOA|||MA01|MA18~DTM|050|20151228~SVC|HC^99214|130|81.56||1~DTM|472|20151113~CAS|CO|45|25.98||253|1.66~CAS|PR|2|20.8~REF|6R|1644915891Z1~REF|LU|11~AMT|B6|104.02~CLP|420-4442|19|134|81.56|20.8|MB|3215362183490|11|1~NM1|QC|1|AGANON|ASTERIO||||HN|630768999A~NM1|82|1||||||XX|1962447805~NM1|TT|2|ASSURED LIFE ASSOCIATION|||||PI|30281~MOA|||MA01|MA18~DTM|050|20151228~SVC|HC^99214^25|130|81.56||1~DTM|472|20151120~CAS|CO|45|25.98||253|1.66~CAS|PR|2|20.8~REF|6R|1644915906Z1~REF|LU|11~AMT|B6|104.02~SVC|HC^94760|4|0||||1~DTM|472|20151120~CAS|CO|97|4~REF|6R|1644915906Z2~REF|LU|11~LQ|HE|M80~SVC|HC^G8427|0|0||||2~DTM|472|20151120~REF|6R|1644915906Z3~REF|LU|11~LQ|HE|N620~CLP|420-5125|1|179|144.76||MB|3215362183790|11|1~NM1|QC|1|AGANON|ASTERIO||||HN|630768999A~NM1|82|1||||||XX|1962447805~MOA|||MA01~DTM|050|20151228~SVC|HC^G0439^25|135|110.38||1~DTM|472|20151218~CAS|CO|45|22.37||253|2.25~REF|6R|1644926897Z1~REF|LU|11~AMT|B6|112.63~SVC|HC^G0444|22|17.19||1~DTM|472|20151218~CAS|CO|45|4.46||253|.35~REF|6R|1644926897Z2~REF|LU|11~AMT|B6|17.54~SVC|HC^G0442|22|17.19||1~DTM|472|20151218~CAS|CO|45|4.46||253|.35~REF|6R|1644926897Z3~REF|LU|11~AMT|B6|17.54~CLP|559-5121|19|179|34.38|135|MB|3215362183760|11|1~NM1|QC|1|AGANON|ROSITA||||HN|630769002A~NM1|82|1||||||XX|1962447805~NM1|TT|2|AMERICAN INSURANCE ADMINISTRATOR|||||PI|30151~MOA|||MA01|MA18~DTM|050|20151228~SVC|HC^G0439^25|135|0||||1~DTM|472|20151218~CAS|PR|119|135~REF|6R|1644926891Z1~REF|LU|11~SVC|HC^G0444|22|17.19||1~DTM|472|20151218~CAS|CO|45|4.46||253|.35~REF|6R|1644926891Z2~REF|LU|11~AMT|B6|17.54~SVC|HC^G0442|22|17.19||1~DTM|472|20151218~CAS|CO|45|4.46||253|.35~REF|6R|1644926891Z3~REF|LU|11~AMT|B6|17.54~CLP|342-4835|19|148|92.29|23.54|MB|3215362183660|11|1~NM1|QC|1|ALLEN|THOMAS||||HN|453825428A~NM1|82|1||||||XX|1962447805~NM1|TT|2|TX HEALTH & HUMAN SERVICES COMMI|||||PI|70051~MOA|||MA01|MA15|MA07~DTM|050|20151228~SVC|HC^99214^25|130|81.56||1~DTM|472|20151208~CAS|CO|45|25.98||253|1.66~CAS|PR|2|20.8~REF|6R|1644923724Z1~REF|LU|11~AMT|B6|104.02~SVC|HC^99406|18|10.73||1~DTM|472|20151208~CAS|CO|45|4.31||253|.22~CAS|PR|2|2.74~REF|6R|1644923724Z3~REF|LU|11~AMT|B6|13.69~SVC|HC^G8427|0|0||||1~DTM|472|20151208~REF|6R|1644923724Z4~REF|LU|11~LQ|HE|N620~SVC|HC^4004F|0|0||||1~DTM|472|20151208~REF|6R|1644923724Z5~REF|LU|11~LQ|HE|N620~SVC|HC^3044F|0|0||||1~DTM|472|20151208~REF|6R|1644923724Z6~REF|LU|11~LQ|HE|N620~CLP|304-4456|1|130|81.56|20.8|MB|3215362183510|11|1~NM1|QC|1|CEPEDA|MARGIE||||HN|429762401A~NM1|82|1||||||XX|1962447805~MOA|||MA01|MA15~DTM|050|20151228~SVC|HC^99214^25|130|81.56||1~DTM|472|20151120~CAS|CO|45|25.98||253|1.66~CAS|PR|2|20.8~REF|6R|1644915910Z1~REF|LU|11~AMT|B6|104.02~CLP|319-4414|1|148|92.29|23.54|MB|3215362183450|11|1~NM1|QC|1|CORTEZ|EDWARD||||HN|449473304A~NM1|82|1||||||XX|1962447805~MOA|||MA01~DTM|050|20151228~SVC|HC^99214^25|130|81.56||1~DTM|472|20151119~CAS|CO|45|25.98||253|1.66~CAS|PR|2|20.8~REF|6R|1644915898Z1~REF|LU|11~AMT|B6|104.02~SVC|HC^G8427|0|0||||1~DTM|472|20151119~REF|6R|1644915898Z2~REF|LU|11~LQ|HE|N620~SVC|HC^G8417|0|0||||1~DTM|472|20151119~REF|6R|1644915898Z3~REF|LU|11~LQ|HE|N620~SVC|HC^99406|18|10.73||1~DTM|472|20151119~CAS|CO|45|4.31||253|.22~CAS|PR|2|2.74~REF|6R|1644915898Z4~REF|LU|11~AMT|B6|13.69~SVC|HC^4004F|0|0||||1~DTM|472|20151119~REF|6R|1644915898Z5~REF|LU|11~LQ|HE|N620~CLP|316-4120|1|134|81.56|20.8|MB|3215362183400|11|1~NM1|QC|1|DAVIS|MARY||||HN|414174432A~NM1|82|1||||||XX|1962447805~MOA|||MA01~DTM|050|20151228~SVC|HC^99214^25|130|81.56||1~DTM|472|20151102~CAS|CO|45|25.98||253|1.66~CAS|PR|2|20.8~REF|6R|1644915889Z1~REF|LU|11~AMT|B6|104.02~SVC|HC^94760|4|0||||1~DTM|472|20151102~CAS|CO|50|4~REF|6R|1644915889Z2~REF|LU|11~LQ|HE|M25~LQ|HE|N115~SVC|HC^G8417|0|0||||1~DTM|472|20151102~REF|6R|1644915889Z3~REF|LU|11~LQ|HE|N620~SVC|HC^G8427|0|0||||1~DTM|472|20151102~REF|6R|1644915889Z4~REF|LU|11~LQ|HE|N620~CLP|316-4633|1|134|81.56|20.8|MB|3215362183570|11|1~NM1|QC|1|DAVIS|MARY||||HN|414174432A~NM1|82|1||||||XX|1962447805~MOA|||MA01~DTM|050|20151228~SVC|HC^99214^25|130|81.56||1~DTM|472|20151201~CAS|CO|45|25.98||253|1.66~CAS|PR|2|20.8~REF|6R|1644923700Z1~REF|LU|11~AMT|B6|104.02~SVC|HC^94760|4|0||||1~DTM|472|20151201~CAS|CO|50|4~REF|6R|1644923700Z2~REF|LU|11~LQ|HE|M25~LQ|HE|N115~SVC|HC^G8417|0|0||||1~DTM|472|20151201~REF|6R|1644923700Z3~REF|LU|11~LQ|HE|N620~SVC|HC^G8427|0|0||||1~DTM|472|20151201~REF|6R|1644923700Z4~REF|LU|11~LQ|HE|N620~CLP|316-5100|1|244|17.19|200|MB|3215362507950|11|1~NM1|QC|1|DAVIS|MARY||||HN|414174432A~NM1|82|1||||||XX|1962447805~MOA|||MA01~DTM|050|20151228~SVC|HC^G0438^25|200|0||||1~DTM|472|20151217~CAS|PR|149|200~REF|6R|1644958214Z1~REF|LU|11~LQ|HE|N117~SVC|HC^G0444|22|0||||1~DTM|472|20151217~CAS|CO|B15|22~REF|6R|1644958214Z2~REF|LU|11~LQ|HE|M80~SVC|HC^G0442|22|17.19||1~DTM|472|20151217~CAS|CO|45|4.46||253|.35~REF|6R|1644958214Z3~REF|LU|11~AMT|B6|17.54~CLP|313-4451|19|134|81.56|20.8|MB|3215362183500|11|1~NM1|QC|1|FRICK|TERRY||||HN|467375415A~NM1|82|1||||||XX|1962447805~NM1|TT|2|ARKANSAS MEDICAID PROGRAM|||||PI|70017~MOA|||MA01|MA07~DTM|050|20151228~SVC|HC^99214^25|130|81.56||1~DTM|472|20151120~CAS|CO|45|25.98||253|1.66~CAS|PR|2|20.8~REF|6R|1644915908Z1~REF|LU|11~AMT|B6|104.02~SVC|HC^94760|4|0||||1~DTM|472|20151120~CAS|CO|97|4~REF|6R|1644915908Z2~REF|LU|11~LQ|HE|M80~CLP|313-5104|19|179|144.76||MB|3215362183740|11|1~NM1|QC|1|FRICK|TERRY||||HN|467375415A~NM1|82|1||||||XX|1962447805~NM1|TT|2|ARKANSAS MEDICAID PROGRAM|||||PI|70017~MOA|||MA01|MA07~DTM|050|20151228~SVC|HC^G0439^25|135|110.38||1~DTM|472|20151217~CAS|CO|45|22.37||253|2.25~REF|6R|1644926887Z1~REF|LU|11~AMT|B6|112.63~SVC|HC^G0444|22|17.19||1~DTM|472|20151217~CAS|CO|45|4.46||253|.35~REF|6R|1644926887Z2~REF|LU|11~AMT|B6|17.54~SVC|HC^G0442|22|17.19||1~DTM|472|20151217~CAS|CO|45|4.46||253|.35~REF|6R|1644926887Z3~REF|LU|11~AMT|B6|17.54~CLP|403-4688|1|152|92.29|23.54|MB|3215362183600|11|1~NM1|QC|1|GOFF|YOLANDA||||HN|559256714A~NM1|82|1||||||XX|1962447805~MOA|||MA01~DTM|050|20151228~SVC|HC^99214^25|130|81.56||1~DTM|472|20151203~CAS|CO|45|25.98||253|1.66~CAS|PR|2|20.8~REF|6R|1644923709Z1~REF|LU|11~AMT|B6|104.02~SVC|HC^94760|4|0||||1~DTM|472|20151203~CAS|CO|97|4~REF|6R|1644923709Z2~REF|LU|11~LQ|HE|M80~SVC|HC^G8482|0|0||||1~DTM|472|20151203~REF|6R|1644923709Z3~REF|LU|11~LQ|HE|N620~SVC|HC^G8417|0|0||||1~DTM|472|20151203~REF|6R|1644923709Z4~REF|LU|11~LQ|HE|N620~SVC|HC^G8427|0|0||||1~DTM|472|20151203~REF|6R|1644923709Z5~REF|LU|11~LQ|HE|N620~SVC|HC^4004F|0|0||||1~DTM|472|20151203~REF|6R|1644923709Z6~REF|LU|11~LQ|HE|N620~SVC|HC^G8752|0|0||||1~DTM|472|20151203~REF|6R|1644923709Z7~REF|LU|11~LQ|HE|N620~SVC|HC^4140F|0|0||||1~DTM|472|20151203~REF|6R|1644923709Z8~REF|LU|11~LQ|HE|N620~SVC|HC^99406|18|10.73||1~DTM|472|20151203~CAS|CO|45|4.31||253|.22~CAS|PR|2|2.74~REF|6R|1644923709Z9~REF|LU|11~AMT|B6|13.69~SVC|HC^G8754|0|0||||1~DTM|472|20151203~REF|6R|1644923709Z10~REF|LU|11~LQ|HE|N620~CLP|403-5103|1|179|144.76||MB|3215362183730|11|1~NM1|QC|1|GOFF|YOLANDA||||HN|559256714A~NM1|82|1||||||XX|1962447805~MOA|||MA01~DTM|050|20151228~SVC|HC^G0439^25|135|110.38||1~DTM|472|20151217~CAS|CO|45|22.37||253|2.25~REF|6R|1644926886Z1~REF|LU|11~AMT|B6|112.63~SVC|HC^G0444|22|17.19||1~DTM|472|20151217~CAS|CO|45|4.46||253|.35~REF|6R|1644926886Z2~REF|LU|11~AMT|B6|17.54~SVC|HC^G0442|22|17.19||1~DTM|472|20151217~CAS|CO|45|4.46||253|.35~REF|6R|1644926886Z3~REF|LU|11~AMT|B6|17.54~CLP|368-4882|1|71|43.8|11.18|MB|3215362183690|11|1~NM1|QC|1|GRAY|LESLIE||||HN|467083719A~NM1|82|1||||||XX|1962447805~MOA|||MA01~DTM|050|20151228~SVC|HC^99212^25|53|33.07||1~DTM|472|20151209~CAS|CO|45|10.81||253|.68~CAS|PR|2|8.44~REF|6R|1644923733Z1~REF|LU|11~AMT|B6|42.19~SVC|HC^G8482|0|0||||1~DTM|472|20151209~REF|6R|1644923733Z2~REF|LU|11~LQ|HE|N620~SVC|HC^G8427|0|0||||1~DTM|472|20151209~REF|6R|1644923733Z3~REF|LU|11~LQ|HE|N620~SVC|HC^4004F|0|0||||1~DTM|472|20151209~REF|6R|1644923733Z4~REF|LU|11~LQ|HE|N620~SVC|HC^99406|18|10.73||1~DTM|472|20151209~CAS|CO|45|4.31||253|.22~CAS|PR|2|2.74~REF|6R|1644923733Z5~REF|LU|11~AMT|B6|13.69~CLP|380-4693|19|134|81.56|20.8|MB|3215362183610|11|1~NM1|QC|1|HAYNES|WILLIAM||||HN|455726510TA~NM1|82|1||||||XX|1962447805~NM1|TT|2|TX HEALTH & HUMAN SERVICES COMMI|||||PI|70051~MOA|||MA01|MA07~DTM|050|20151228~SVC|HC^99214^25|130|81.56||1~DTM|472|20151203~CAS|CO|45|25.98||253|1.66~CAS|PR|2|20.8~REF|6R|1644923711Z1~REF|LU|11~AMT|B6|104.02~SVC|HC^94760|4|0||||1~DTM|472|20151203~CAS|CO|97|4~REF|6R|1644923711Z2~REF|LU|11~LQ|HE|M80~SVC|HC^G8417|0|0||||1~DTM|472|20151203~REF|6R|1644923711Z3~REF|LU|11~LQ|HE|N620~SVC|HC^G8427|0|0||||1~DTM|472|20151203~REF|6R|1644923711Z4~REF|LU|11~LQ|HE|N620~CLP|311-4683|19|134|81.56|20.8|MB|3215362183590|11|1~NM1|QC|1|HOLLAND|LEE||||HN|451767936A~NM1|82|1||||||XX|1962447805~NM1|TT|2|TX HEALTH & HUMAN SERVICES COMMI|||||PI|70051~MOA|||MA01|MA07~DTM|050|20151228~SVC|HC^99214^25|130|81.56||1~DTM|472|20151203~CAS|CO|45|25.98||253|1.66~CAS|PR|2|20.8~REF|6R|1644923706Z1~REF|LU|11~AMT|B6|104.02~SVC|HC^94760|4|0||||1~DTM|472|20151203~CAS|CO|50|4~REF|6R|1644923706Z2~REF|LU|11~LQ|HE|M25~LQ|HE|N115~SVC|HC^G8417|0|0||||1~DTM|472|20151203~REF|6R|1644923706Z3~REF|LU|11~LQ|HE|N620~SVC|HC^G8427|0|0||||1~DTM|472|20151203~REF|6R|1644923706Z4~REF|LU|11~LQ|HE|N620~SVC|HC^G8752|0|0||||1~DTM|472|20151203~REF|6R|1644923706Z5~REF|LU|11~LQ|HE|N620~SVC|HC^G8754|0|0||||1~DTM|472|20151203~REF|6R|1644923706Z6~REF|LU|11~LQ|HE|N620~CLP|311-5123|19|179|144.76||MB|3215362183770|11|1~NM1|QC|1|HOLLAND|LEE||||HN|451767936A~NM1|82|1||||||XX|1962447805~NM1|TT|2|TX HEALTH & HUMAN SERVICES COMMI|||||PI|70051~MOA|||MA01|MA07~DTM|050|20151228~SVC|HC^G0439^25|135|110.38||1~DTM|472|20151218~CAS|CO|45|22.37||253|2.25~REF|6R|1644926892Z1~REF|LU|11~AMT|B6|112.63~SVC|HC^G0444|22|17.19||1~DTM|472|20151218~CAS|CO|45|4.46||253|.35~REF|6R|1644926892Z2~REF|LU|11~AMT|B6|17.54~SVC|HC^G0442|22|17.19||1~DTM|472|20151218~CAS|CO|45|4.46||253|.35~REF|6R|1644926892Z3~REF|LU|11~AMT|B6|17.54~CLP|5393-4459|1|130|81.56|20.8|MB|3215362183520|11|1~NM1|QC|1|HUDGINS|MILES||||HN|524344555A~NM1|82|1||||||XX|1962447805~MOA|||MA01|MA15~DTM|050|20151228~SVC|HC^99214^25|130|81.56||1~DTM|472|20151120~CAS|CO|45|25.98||253|1.66~CAS|PR|2|20.8~REF|6R|1644915912Z1~REF|LU|11~AMT|B6|104.02~CLP|5393-5102|1|179|144.76||MB|3215362183720|11|1~NM1|QC|1|HUDGINS|MILES||||HN|524344555A~NM1|82|1||||||XX|1962447805~MOA|||MA01~DTM|050|20151228~SVC|HC^G0439^25|135|110.38||1~DTM|472|20151217~CAS|CO|45|22.37||253|2.25~REF|6R|1644926884Z1~REF|LU|11~AMT|B6|112.63~SVC|HC^G0444|22|17.19||1~DTM|472|20151217~CAS|CO|45|4.46||253|.35~REF|6R|1644926884Z2~REF|LU|11~AMT|B6|17.54~SVC|HC^G0442|22|17.19||1~DTM|472|20151217~CAS|CO|45|4.46||253|.35~REF|6R|1644926884Z3~REF|LU|11~AMT|B6|17.54~CLP|383-4460|1|134|81.56|20.8|MB|3215362183530|11|1~NM1|QC|1|HUDGINS|NANCY||||HN|509380876A~NM1|82|1||||||XX|1962447805~MOA|||MA01~DTM|050|20151228~SVC|HC^99214^25|130|81.56||1~DTM|472|20151120~CAS|CO|45|25.98||253|1.66~CAS|PR|2|20.8~REF|6R|1644915915Z1~REF|LU|11~AMT|B6|104.02~SVC|HC^94760|4|0||||1~DTM|472|20151120~CAS|CO|50|4~REF|6R|1644915915Z2~REF|LU|11~LQ|HE|M25~LQ|HE|N115~CLP|383-4789|1|134|81.56|20.8|MB|3215362183650|11|1~NM1|QC|1|HUDGINS|NANCY||||HN|509380876A~NM1|82|1||||||XX|1962447805~MOA|||MA01~DTM|050|20151228~SVC|HC^99214^25|130|81.56||1~DTM|472|20151207~CAS|CO|45|25.98||253|1.66~CAS|PR|2|20.8~REF|6R|1644923722Z1~REF|LU|11~AMT|B6|104.02~SVC|HC^94760|4|0||||1~DTM|472|20151207~CAS|CO|50|4~REF|6R|1644923722Z2~REF|LU|11~LQ|HE|M25~LQ|HE|N115~CLP|383-5105|1|179|144.76||MB|3215362183750|11|1~NM1|QC|1|HUDGINS|NANCY||||HN|509380876A~NM1|82|1||||||XX|1962447805~MOA|||MA01~DTM|050|20151228~SVC|HC^G0439^25|135|110.38||1~DTM|472|20151217~CAS|CO|45|22.37||253|2.25~REF|6R|1644926889Z1~REF|LU|11~AMT|B6|112.63~SVC|HC^G0444|22|17.19||1~DTM|472|20151217~CAS|CO|45|4.46||253|.35~REF|6R|1644926889Z2~REF|LU|11~AMT|B6|17.54~SVC|HC^G0442|22|17.19||1~DTM|472|20151217~CAS|CO|45|4.46||253|.35~REF|6R|1644926889Z3~REF|LU|11~AMT|B6|17.54~CLP|408-5126|19|179|144.76||MB|3215362183800|11|1~NM1|QC|1|JOHNSON|LINDA||||HN|467634822M~NM1|82|1||||||XX|1962447805~NM1|TT|2|TX HEALTH & HUMAN SERVICES COMMI|||||PI|70051~MOA|||MA01|MA07~DTM|050|20151228~SVC|HC^G0439^25|135|110.38||1~DTM|472|20151218~CAS|CO|45|22.37||253|2.25~REF|6R|1644926899Z1~REF|LU|11~AMT|B6|112.63~SVC|HC^G0444|22|17.19||1~DTM|472|20151218~CAS|CO|45|4.46||253|.35~REF|6R|1644926899Z2~REF|LU|11~AMT|B6|17.54~SVC|HC^G0442|22|17.19||1~DTM|472|20151218~CAS|CO|45|4.46||253|.35~REF|6R|1644926899Z3~REF|LU|11~AMT|B6|17.54~CLP|3448-4680|1|130|81.56|20.8|MB|3215362183580|11|1~NM1|QC|1|KANE|CAROL||||HN|479508927D~NM1|82|1||||||XX|1962447805~MOA|||MA01|MA15~DTM|050|20151228~SVC|HC^99214^25|130|81.56||1~DTM|472|20151203~CAS|CO|45|25.98||253|1.66~CAS|PR|2|20.8~REF|6R|1644923704Z1~REF|LU|11~AMT|B6|104.02~SVC|HC^G8482|0|0||||1~DTM|472|20151203~REF|6R|1644923704Z3~REF|LU|11~LQ|HE|N620~SVC|HC^G8427|0|0||||1~DTM|472|20151203~REF|6R|1644923704Z4~REF|LU|11~LQ|HE|N620~CLP|417-4307|19|130|81.56|20.8|MB|3215362183430|11|1~NM1|QC|1|MACDONALD|JOHN||||HN|461941697A~NM1|82|1||||||XX|1962447805~NM1|TT|2|UMR|||||PI|00192~MOA|||MA01|MA18~DTM|050|20151228~SVC|HC^99214^25|130|81.56||1~DTM|472|20151113~CAS|CO|45|25.98||253|1.66~CAS|PR|2|20.8~REF|6R|1644915893Z1~REF|LU|11~AMT|B6|104.02~SVC|HC^G8427|0|0||||2~DTM|472|20151113~REF|6R|1644915893Z2~REF|LU|11~LQ|HE|N620~SVC|HC^4004F|0|0||||1~DTM|472|20151113~REF|6R|1644915893Z3~REF|LU|11~LQ|HE|N620~SVC|HC^G8969|0|0||||1~DTM|472|20151113~REF|6R|1644915893Z4~REF|LU|11~LQ|HE|N620~CLP|315-4881|19|71|33.07|8.44|MB|3215362183680|11|1~NM1|QC|1|PATTILLO|CATHY||||HN|458297430A~NM1|82|1||||||XX|1962447805~NM1|TT|2|TX HEALTH & HUMAN SERVICES COMMI|||||PI|70051~MOA|||MA01|MA07~DTM|050|20151228~SVC|HC^99212^25|53|33.07||1~DTM|472|20151209~CAS|CO|45|10.81||253|.68~CAS|PR|2|8.44~REF|6R|1644923732Z1~REF|LU|11~AMT|B6|42.19~SVC|HC^G8482|0|0||||1~DTM|472|20151209~REF|6R|1644923732Z2~REF|LU|11~LQ|HE|N620~SVC|HC^G8427|0|0||||1~DTM|472|20151209~REF|6R|1644923732Z3~REF|LU|11~LQ|HE|N620~SVC|HC^4004F|0|0||||1~DTM|472|20151209~REF|6R|1644923732Z4~REF|LU|11~LQ|HE|N620~SVC|HC^99406|18|0||||1~DTM|472|20151209~CAS|CO|50|18~REF|6R|1644923732Z5~REF|LU|11~LQ|HE|M25~CLP|6152-4733|1|130|81.56|20.8|MB|3215362183640|11|1~NM1|QC|1|PRINGLE|GREGORY||||HN|464398606A~NM1|82|1||||||XX|1962447805~MOA|||MA01~DTM|050|20151228~SVC|HC^99214^25|130|81.56||1~DTM|472|20151204~CAS|CO|45|25.98||253|1.66~CAS|PR|2|20.8~REF|6R|1644923720Z1~REF|LU|11~AMT|B6|104.02~SVC|HC^G8482|0|0||||1~DTM|472|20151204~REF|6R|1644923720Z2~REF|LU|11~LQ|HE|N620~SVC|HC^G8427|0|0||||1~DTM|472|20151204~REF|6R|1644923720Z3~REF|LU|11~LQ|HE|N620~SVC|HC^G8417|0|0||||1~DTM|472|20151204~REF|6R|1644923720Z4~REF|LU|11~LQ|HE|N620~CLP|347-4837|19|152|92.29|23.54|MB|3215362183670|11|1~NM1|QC|1|SOTO|JOSE||||HN|453040927A~NM1|82|1||||||XX|1962447805~NM1|TT|2|TX HEALTH & HUMAN SERVICES COMMI|||||PI|70051~MOA|||MA01|MA07~DTM|050|20151228~SVC|HC^99214^25|130|81.56||1~DTM|472|20151208~CAS|CO|45|25.98||253|1.66~CAS|PR|2|20.8~REF|6R|1644923727Z1~REF|LU|11~AMT|B6|104.02~SVC|HC^94760|4|0||||1~DTM|472|20151208~CAS|CO|97|4~REF|6R|1644923727Z2~REF|LU|11~LQ|HE|M80~SVC|HC^99406|18|10.73||1~DTM|472|20151208~CAS|CO|45|4.31||253|.22~CAS|PR|2|2.74~REF|6R|1644923727Z3~REF|LU|11~AMT|B6|13.69~SVC|HC^4004F|0|0||||1~DTM|472|20151208~REF|6R|1644923727Z4~REF|LU|11~LQ|HE|N620~CLP|381-5099|1|179|144.76||MB|3215362183700|11|1~NM1|QC|1|STIGGERS|BILLY||||HN|455488650A~NM1|82|1||||||XX|1962447805~MOA|||MA01~DTM|050|20151228~SVC|HC^G0439^25|135|110.38||1~DTM|472|20151217~CAS|CO|45|22.37||253|2.25~REF|6R|1644926877Z1~REF|LU|11~AMT|B6|112.63~SVC|HC^G0444|22|17.19||1~DTM|472|20151217~CAS|CO|45|4.46||253|.35~REF|6R|1644926877Z2~REF|LU|11~AMT|B6|17.54~SVC|HC^G0442|22|17.19||1~DTM|472|20151217~CAS|CO|45|4.46||253|.35~REF|6R|1644926877Z3~REF|LU|11~AMT|B6|17.54~CLP|410-4586|19|496|294|75|MB|3215362183550|11|1~NM1|QC|1|TAYLOR|LEONARD||||HN|426680464A~NM1|82|1||||||XX|1962447805~NM1|TT|2|TX HEALTH & HUMAN SERVICES COMMI|||||PI|70051~MOA|||MA01|MA07~DTM|050|20151228~SVC|HC^99214^25|130|81.56||1~DTM|472|20151130~CAS|CO|45|25.98||253|1.66~CAS|PR|2|20.8~REF|6R|1644915919Z1~REF|LU|11~AMT|B6|104.02~SVC|HC^94760|4|0||||1~DTM|472|20151130~CAS|CO|50|4~REF|6R|1644915919Z2~REF|LU|11~LQ|HE|M25~LQ|HE|N115~SVC|HC^95923|252|145.78||1~DTM|472|20151130~CAS|CO|45|66.05||253|2.98~CAS|PR|2|37.19~REF|6R|1644915919Z3~REF|LU|11~AMT|B6|185.95~SVC|HC^95921|110|66.66||1~DTM|472|20151130~CAS|CO|45|24.97||253|1.36~CAS|PR|2|17.01~REF|6R|1644915919Z4~REF|LU|11~AMT|B6|85.03~SVC|HC^4040F|0|0||||1~DTM|472|20151130~REF|6R|1644915919Z5~REF|LU|11~LQ|HE|N620~SVC|HC^G8427|0|0||||1~DTM|472|20151130~REF|6R|1644915919Z6~REF|LU|11~LQ|HE|N620~SVC|HC^G8482|0|0||||1~DTM|472|20151130~REF|6R|1644915919Z7~REF|LU|11~LQ|HE|N620~CLP|410-5124|19|179|144.76||MB|3215362183780|11|1~NM1|QC|1|TAYLOR|LEONARD||||HN|426680464A~NM1|82|1||||||XX|1962447805~NM1|TT|2|TX HEALTH & HUMAN SERVICES COMMI|||||PI|70051~MOA|||MA01|MA07~DTM|050|20151228~SVC|HC^G0439^25|135|110.38||1~DTM|472|20151218~CAS|CO|45|22.37||253|2.25~REF|6R|1644926895Z1~REF|LU|11~AMT|B6|112.63~SVC|HC^G0444|22|17.19||1~DTM|472|20151218~CAS|CO|45|4.46||253|.35~REF|6R|1644926895Z2~REF|LU|11~AMT|B6|17.54~SVC|HC^G0442|22|17.19||1~DTM|472|20151218~CAS|CO|45|4.46||253|.35~REF|6R|1644926895Z3~REF|LU|11~AMT|B6|17.54~CLP|382-4411|1|130|81.56|20.8|MB|3215362183440|11|1~NM1|QC|1|TODD|LANA||||HN|449755855A~NM1|82|1||||||XX|1962447805~MOA|||MA01~DTM|050|20151228~SVC|HC^99214^25|130|81.56||1~DTM|472|20151119~CAS|CO|45|25.98||253|1.66~CAS|PR|2|20.8~REF|6R|1644915895Z1~REF|LU|11~AMT|B6|104.02~SVC|HC^G8427|0|0||||1~DTM|472|20151119~REF|6R|1644915895Z2~REF|LU|11~LQ|HE|N620~CLP|317-4121|19|148|92.29|23.54|MB|3215362183410|11|1~NM1|QC|1|TWILLEY|EDWARD||||HN|458213375A~NM1|82|1||||||XX|1962447805~NM1|TT|2|TX HEALTH & HUMAN SERVICES COMMI|||||PI|70051~MOA|||MA01|MA15|MA07~DTM|050|20151228~SVC|HC^99214^25|130|81.56||1~DTM|472|20151102~CAS|CO|45|25.98||253|1.66~CAS|PR|2|20.8~REF|6R|1644915890Z1~REF|LU|11~AMT|B6|104.02~SVC|HC^G8417|0|0||||1~DTM|472|20151102~REF|6R|1644915890Z3~REF|LU|11~LQ|HE|N620~SVC|HC^G8427|0|0||||1~DTM|472|20151102~REF|6R|1644915890Z4~REF|LU|11~LQ|HE|N620~SVC|HC^4004F|0|0||||1~DTM|472|20151102~REF|6R|1644915890Z5~REF|LU|11~LQ|HE|N620~SVC|HC^99406|18|10.73||1~DTM|472|20151102~CAS|CO|45|4.31||253|.22~CAS|PR|2|2.74~REF|6R|1644915890Z6~REF|LU|11~AMT|B6|13.69~CLP|309-4420|19|130|81.56|20.8|MB|3215362183460|11|1~NM1|QC|1|VANDERPOL|ADRIAN||||HN|466297262A~NM1|82|1||||||XX|1962447805~NM1|TT|2|TX HEALTH & HUMAN SERVICES COMMI|||||PI|70051~MOA|||MA01|MA07~DTM|050|20151228~SVC|HC^99214^25|130|81.56||1~DTM|472|20151119~CAS|CO|45|25.98||253|1.66~CAS|PR|2|20.8~REF|6R|1644915899Z1~REF|LU|11~AMT|B6|104.02~SVC|HC^G8482|0|0||||1~DTM|472|20151119~REF|6R|1644915899Z2~REF|LU|11~LQ|HE|N620~SVC|HC^G8427|0|0||||1~DTM|472|20151119~REF|6R|1644915899Z3~REF|LU|11~LQ|HE|N620~CLP|309-4699|19|134|81.56|20.8|MB|3215362183630|11|1~NM1|QC|1|VANDERPOL|ADRIAN||||HN|466297262A~NM1|82|1||||||XX|1962447805~NM1|TT|2|TX HEALTH & HUMAN SERVICES COMMI|||||PI|70051~MOA|||MA01|MA07~DTM|050|20151228~SVC|HC^99214^25|130|81.56||1~DTM|472|20151203~CAS|CO|45|25.98||253|1.66~CAS|PR|2|20.8~REF|6R|1644923717Z1~REF|LU|11~AMT|B6|104.02~SVC|HC^94760|4|0||||1~DTM|472|20151203~CAS|CO|97|4~REF|6R|1644923717Z2~REF|LU|11~LQ|HE|M80~SVC|HC^G8482|0|0||||1~DTM|472|20151203~REF|6R|1644923717Z3~REF|LU|11~LQ|HE|N620~SVC|HC^G8417|0|0||||1~DTM|472|20151203~REF|6R|1644923717Z4~REF|LU|11~LQ|HE|N620~SVC|HC^G8427|0|0||||1~DTM|472|20151203~REF|6R|1644923717Z5~REF|LU|11~LQ|HE|N620~CLP|6036-4421|1|130|81.56|20.8|MB|3215362183470|11|1~NM1|QC|1|VANDERPOL|BALVINA|O|||HN|341120251D~NM1|82|1||||||XX|1962447805~MOA|||MA01~DTM|050|20151228~SVC|HC^99214^25|130|81.56||1~DTM|472|20151119~CAS|CO|45|25.98||253|1.66~CAS|PR|2|20.8~REF|6R|1644915902Z1~REF|LU|11~AMT|B6|104.02~SVC|HC^G8427|0|0||||1~DTM|472|20151119~REF|6R|1644915902Z2~REF|LU|11~LQ|HE|N620~SVC|HC^G8417|0|0||||1~DTM|472|20151119~REF|6R|1644915902Z3~REF|LU|11~LQ|HE|N620~SVC|HC^4040F|0|0||||1~DTM|472|20151119~REF|6R|1644915902Z4~REF|LU|11~LQ|HE|N620~CLP|6036-4698|1|130|81.56|20.8|MB|3215362183620|11|1~NM1|QC|1|VANDERPOL|BALVINA|O|||HN|341120251D~NM1|82|1||||||XX|1962447805~MOA|||MA01|MA15~DTM|050|20151228~SVC|HC^99214^25|130|81.56||1~DTM|472|20151203~CAS|CO|45|25.98||253|1.66~CAS|PR|2|20.8~REF|6R|1644923715Z1~REF|LU|11~AMT|B6|104.02~SVC|HC^4040F|0|0||||1~DTM|472|20151203~REF|6R|1644923715Z3~REF|LU|11~LQ|HE|N620~SVC|HC^G8417|0|0||||1~DTM|472|20151203~REF|6R|1644923715Z4~REF|LU|11~LQ|HE|N620~SVC|HC^G8427|0|0||||1~DTM|472|20151203~REF|6R|1644923715Z5~REF|LU|11~LQ|HE|N620~CLP|320-5101|1|179|144.76||MB|3215362183710|11|1~NM1|QC|1|VILLALPANDO|DIANA||||HN|457412151A~NM1|82|1||||||XX|1962447805~MOA|||MA01~DTM|050|20151228~SVC|HC^G0439^25|135|110.38||1~DTM|472|20151217~CAS|CO|45|22.37||253|2.25~REF|6R|1644926881Z1~REF|LU|11~AMT|B6|112.63~SVC|HC^G0444|22|17.19||1~DTM|472|20151217~CAS|CO|45|4.46||253|.35~REF|6R|1644926881Z2~REF|LU|11~AMT|B6|17.54~SVC|HC^G0442|22|17.19||1~DTM|472|20151217~CAS|CO|45|4.46||253|.35~REF|6R|1644926881Z3~REF|LU|11~AMT|B6|17.54~SE|1058|0001~ST|835|0002~BPR|I|578.44|C|ACH|CCP|01|081517693|DA|152302017594|1205296137||01|111000025|DA|488038453432|20160111~TRN|1|892159436|1205296137~REF|EV|E12705~DTM|405|20160108~N1|PR|NOVITAS SOLUTIONS, INC.~N3|PO BOX 3110~N4|MECHANICSBURG|PA|170551826~REF|2U|04412~PER|CX||TE|8552528782~N1|PE|DFW GERIATRICS PLLC|XX|1063835361~N3|2925 SKYWAY CIRCLE NORTH~N4|IRVING|TX|750383510~REF|TJ|464596718~PLB|1063835361|20161231|BN^7620151231000|-578.44~SE|16|0002~GE|2|1708~IEA|1|000001713~