ISA|00|          |00|          |ZZ|ZIRMED         |ZZ|AV09311993     |160326|1219|}|00501|000001885|0|P|^~GS|HP|ZIRMED|AV01101957|20160326|1219|1880|X|005010X221A1~ST|835|0001~BPR|I|82.07|C|CHK||||||||||||20160325~TRN|1|007177438|1610647538~REF|EV|030240928~DTM|405|20160325~N1|PR|HUMANA INC.|XV|610647538~N3|P.O. BOX 14601~N4|LEXINGTON|KY|405124601~PER|BL~N1|PE|DFW GERIATRICS PLLC|XX|1063835361~N3|2925 SKYWAY CIR N~N4|IRVING|TX|750383510~REF|PQ|338034~REF|TJ|464596718~LX|1~TS3|1962447805|11|20161231|1|130~CLP|552-6343|1|130|82.07|25|16|302411663|11|1~NM1|QC|1|CHAVEZ|JOANN||||MI|H53196159~NM1|74|1|CHAVEZ|JOANN||||C|H53196159~NM1|82|1|KETHA|SUMANA||||XX|1962447805~REF|1L|0P537320~REF|CE|MEDICARE ADVANTAGE PPO~DTM|232|20160309~DTM|233|20160309~DTM|050|20160322~SVC|HC^99214|130|82.07||1~DTM|472|20160309~CAS|CO|253|1.67||45|21.26~CAS|PR|3|25~REF|6R|1723934048Z1~AMT|B6|108.74~SE|32|0001~ST|835|0002~BPR|I|1234.2|C|CHK||||||||||||20160325~TRN|1|006713722|1610647538~REF|EV|030240928~DTM|405|20160325~N1|PR|HUMANA INC.|XV|610647538~N3|P.O. BOX 14601~N4|LEXINGTON|KY|405124601~PER|BL~N1|PE|DFW GERIATRICS PLLC|XX|1063835361~N3|2925 SKYWAY CIR N~N4|IRVING|TX|750383510~REF|PQ|338034~REF|TJ|464596718~LX|1~TS3|1962447805|11|20161231|14|1610~CLP|314-6300|1|28|19.8||16|167785175|11|1~NM1|QC|1|PALMER|LARRY||||MI|H72192035~NM1|74|1|PALMER|LARRY||||C|H72192035~NM1|82|1|KETHA|SUMANA||||XX|1962447805~REF|1L|0W444001~REF|CE|MEDICARE ADVANTAGE HMO~DTM|232|20160307~DTM|233|20160307~DTM|050|20160321~SVC|HC^99211^25|24|19.8||1~DTM|472|20160307~CAS|CO|253|.4||45|3.8~REF|6R|1722522955Z1~AMT|B6|20.2~LQ|HE|N22~SVC|HC^94760|4|0||1~DTM|472|20160307~CAS|CO|97|4~REF|6R|1722522955Z2~LQ|HE|N19~CLP|314-6454|1|28|19.8||16|167785178|11|1~NM1|QC|1|PALMER|LARRY||||MI|H72192035~NM1|74|1|PALMER|LARRY||||C|H72192035~NM1|82|1|KETHA|SUMANA||||XX|1962447805~REF|1L|0W444001~REF|CE|MEDICARE ADVANTAGE HMO~DTM|232|20160208~DTM|233|20160208~DTM|050|20160321~SVC|HC^99211^25|24|19.8||1~DTM|472|20160208~CAS|CO|253|.4||45|3.8~REF|6R|1722522977Z1~AMT|B6|20.2~LQ|HE|N22~SVC|HC^94760|4|0||1~DTM|472|20160208~CAS|CO|97|4~REF|6R|1722522977Z2~LQ|HE|N19~CLP|314-6179|1|28|19.8||16|167812897|11|1~NM1|QC|1|PALMER|LARRY||||MI|H72192035~NM1|74|1|PALMER|LARRY||||C|H72192035~NM1|82|1|KETHA|SUMANA||||XX|1962447805~REF|1L|0W444001~REF|CE|MEDICARE ADVANTAGE HMO~DTM|232|20160229~DTM|233|20160229~DTM|050|20160322~SVC|HC^99211^25|24|19.8||1~DTM|472|20160229~CAS|CO|253|.4||45|3.8~REF|6R|1723934056Z1~AMT|B6|20.2~LQ|HE|N22~SVC|HC^94760|4|0||1~DTM|472|20160229~CAS|CO|97|4~REF|6R|1723934056Z2~LQ|HE|N19~CLP|314-6061|1|28|19.8||16|167812901|11|1~NM1|QC|1|PALMER|LARRY||||MI|H72192035~NM1|74|1|PALMER|LARRY||||C|H72192035~NM1|82|1|KETHA|SUMANA||||XX|1962447805~REF|1L|0W444001~REF|CE|MEDICARE ADVANTAGE HMO~DTM|232|20160222~DTM|233|20160222~DTM|050|20160322~SVC|HC^99211^25|24|19.8||1~DTM|472|20160222~CAS|CO|253|.4||45|3.8~REF|6R|1723934742Z1~AMT|B6|20.2~LQ|HE|N22~SVC|HC^94760|4|0||1~DTM|472|20160222~CAS|CO|97|4~REF|6R|1723934742Z2~LQ|HE|N19~CLP|5687-5852|1|134|106.57||16|167785172|11|1~NM1|QC|1|STEPHENSON|ROGERS||||MI|H40301200~NM1|74|1|STEPHENSON|ROGERS||||C|H40301200~NM1|82|1|KETHA|SUMANA||||XX|1962447805~REF|1L|0W444001~REF|CE|MEDICARE ADVANTAGE HMO~DTM|232|20160208~DTM|233|20160208~DTM|050|20160321~SVC|HC^99214^25|130|106.57||1~DTM|472|20160208~CAS|CO|253|2.17||45|21.26~REF|6R|1722522902Z1~AMT|B6|108.74~LQ|HE|N22~SVC|HC^94760|4|0||1~DTM|472|20160208~CAS|CO|97|4~REF|6R|1722522902Z2~LQ|HE|N19~CLP|5687-6204|1|92|72.3||16|167812898|11|1~NM1|QC|1|STEPHENSON|ROGERS||||MI|H40301200~NM1|74|1|STEPHENSON|ROGERS||||C|H40301200~NM1|82|1|KETHA|SUMANA||||XX|1962447805~REF|1L|0W444001~REF|CE|MEDICARE ADVANTAGE HMO~DTM|232|20160301~DTM|233|20160301~DTM|050|20160322~SVC|HC^99213^25|88|72.3||1~DTM|472|20160301~CAS|CO|253|1.48||45|14.22~REF|6R|1723934060Z1~AMT|B6|73.78~LQ|HE|N22~SVC|HC^94760|4|0||1~DTM|472|20160301~CAS|CO|97|4~REF|6R|1723934060Z2~LQ|HE|N19~CLP|6032-5786|1|134|106.57||16|167785171|11|1~NM1|QC|1|SHETTER|DEBORAH|S|||MI|H47489175~NM1|74|1|SHETTER|DEBORAH||||C|H47489175~NM1|82|1|KETHA|SUMANA||||XX|1962447805~REF|1L|0W444001~REF|CE|MEDICARE ADVANTAGE HMO~DTM|232|20160204~DTM|233|20160204~DTM|050|20160321~SVC|HC^99214^25|130|106.57||1~DTM|472|20160204~CAS|CO|253|2.17||45|21.26~REF|6R|1722522893Z1~AMT|B6|108.74~LQ|HE|N22~SVC|HC^94760|4|0||1~DTM|472|20160204~CAS|CO|97|4~REF|6R|1722522893Z2~LQ|HE|N19~CLP|6032-6208|1|134|106.57||16|167812896|11|1~NM1|QC|1|SHETTER|DEBORAH|S|||MI|H47489175~NM1|74|1|SHETTER|DEBORAH||||C|H47489175~NM1|82|1|KETHA|SUMANA||||XX|1962447805~REF|1L|0W444001~REF|CE|MEDICARE ADVANTAGE HMO~DTM|232|20160301~DTM|233|20160301~DTM|050|20160322~SVC|HC^99214^25|130|106.57||1~DTM|472|20160301~CAS|CO|253|2.17||45|21.26~REF|6R|1723934054Z1~AMT|B6|108.74~LQ|HE|N22~SVC|HC^94760|4|0||1~DTM|472|20160301~CAS|CO|97|4~REF|6R|1723934054Z2~LQ|HE|N19~CLP|2310-6280|1|106|86.37||16|167785174|11|1~NM1|QC|1|OREAR|CHRISTOPHE||||MI|H11456849~NM1|74|1|OREAR|CHRISTOPHE||||C|H11456849~NM1|82|1|KETHA|SUMANA||||XX|1962447805~REF|1L|0W444001~REF|CE|MEDICARE ADVANTAGE HMO~DTM|232|20160304~DTM|233|20160304~DTM|050|20160321~SVC|HC^99213^25|88|72.3||1~DTM|472|20160304~CAS|CO|253|1.48||45|14.22~REF|6R|1722522952Z1~AMT|B6|73.78~SVC|HC^99406|18|14.07||1~DTM|472|20160304~CAS|CO|253|.29||45|3.64~REF|6R|1722522952Z2~AMT|B6|14.36~CLP|2310-6031|1|110|86.37||16|167812903|11|1~NM1|QC|1|OREAR|CHRISTOPHE||||MI|H11456849~NM1|74|1|OREAR|CHRISTOPHE||||C|H11456849~NM1|82|1|KETHA|SUMANA||||XX|1962447805~REF|1L|0W444001~REF|CE|MEDICARE ADVANTAGE HMO~DTM|232|20160219~DTM|233|20160219~DTM|050|20160322~SVC|HC^99213^25|88|72.3||1~DTM|472|20160219~CAS|CO|253|1.48||45|14.22~REF|6R|1723936287Z1~AMT|B6|73.78~LQ|HE|N22~SVC|HC^99406|18|14.07||1~DTM|472|20160219~CAS|CO|253|.29||45|3.64~REF|6R|1723936287Z2~AMT|B6|14.36~LQ|HE|N22~SVC|HC^94760|4|0||1~DTM|472|20160219~CAS|CO|97|4~REF|6R|1723936287Z3~LQ|HE|N19~CLP|320-6039|1|134|106.57||16|167812902|11|1~NM1|QC|1|VILLALPANDO|DIANA||||MI|H76229821~NM1|74|1|VILLALPANDO|DIANA||||C|H76229821~NM1|82|1|KETHA|SUMANA||||XX|1962447805~REF|1L|0W444001~REF|CE|MEDICARE ADVANTAGE HMO~DTM|232|20160219~DTM|233|20160219~DTM|050|20160322~SVC|HC^99214^25|130|106.57||1~DTM|472|20160219~CAS|CO|253|2.17||45|21.26~REF|6R|1723935667Z1~AMT|B6|108.74~LQ|HE|N22~SVC|HC^94760|4|0||1~DTM|472|20160219~CAS|CO|97|4~REF|6R|1723935667Z2~LQ|HE|N19~CLP|521-6067|1|386|270.54||16|167812899|11|1~NM1|QC|1|COMPTON|BONITA||||MI|H51836359~NM1|74|1|COMPTON|BONITA||||C|H51836359~NM1|82|1|KETHA|SUMANA||||XX|1962447805~REF|1L|0W444001~REF|CE|MEDICARE ADVANTAGE HMO~DTM|232|20160222~DTM|233|20160222~DTM|050|20160322~SVC|HC^99214^25|130|106.57||1~DTM|472|20160222~CAS|CO|253|2.17||45|21.26~REF|6R|1723934149Z1~AMT|B6|108.74~LQ|HE|N22~SVC|HC^95923|252|163.97||1~DTM|472|20160222~CAS|CO|253|3.35||45|84.68~REF|6R|1723934149Z2~AMT|B6|167.32~LQ|HE|N22~SVC|HC^94760|4|0||1~DTM|472|20160222~CAS|CO|97|4~REF|6R|1723934149Z3~LQ|HE|N19~CLP|422-5860|1|134|106.57||16|167785173|11|1~NM1|QC|1|WILSON|VIVIAN||||MI|H42565822~NM1|74|1|WILSON|VIVIAN||||C|H42565822~NM1|82|1|KETHA|SUMANA||||XX|1962447805~REF|1L|0W444001~REF|CE|MEDICARE ADVANTAGE HMO~DTM|232|20160208~DTM|233|20160208~DTM|050|20160321~SVC|HC^99214^25|130|106.57||1~DTM|472|20160208~CAS|CO|253|2.17||45|21.26~REF|6R|1722522909Z1~AMT|B6|108.74~LQ|HE|N22~SVC|HC^94760|4|0||1~DTM|472|20160208~CAS|CO|97|4~REF|6R|1722522909Z2~LQ|HE|N19~CLP|422-6090|1|134|106.57||16|167812900|11|1~NM1|QC|1|WILSON|VIVIAN||||MI|H42565822~NM1|74|1|WILSON|VIVIAN||||C|H42565822~NM1|82|1|KETHA|SUMANA||||XX|1962447805~REF|1L|0W444001~REF|CE|MEDICARE ADVANTAGE HMO~DTM|232|20160223~DTM|233|20160223~DTM|050|20160322~SVC|HC^99214^25|130|106.57||1~DTM|472|20160223~CAS|CO|253|2.17||45|21.26~REF|6R|1723934150Z1~AMT|B6|108.74~LQ|HE|N22~SVC|HC^94760|4|0||1~DTM|472|20160223~CAS|CO|97|4~REF|6R|1723934150Z2~LQ|HE|N19~SE|308|0002~GE|2|1880~IEA|1|000001885~