ISA|00|          |00|          |ZZ|ZIRMED         |ZZ|AV09311993     |160330|1030|U|00401|000003024|0|P|^~GS|HP|ZIRMED|AV01101957|20160330|1030|3021|X|004010X091A1~ST|835|0001~BPR|I|352.46|C|ACH|CCP|01|031100209|DA|38153758|1610994632||01|111000025|DA|488038453322|20160331~TRN|1|011840011632884|1610994632~REF|EV|030240928~DTM|405|20160329~N1|PR|HUMANA INC.|XV|610647538~N3|P.O. BOX 14601~N4|LEXINGTON|KY|405124601~N1|PE|TEXAS PHYSICIAN HOUSE CALLS PL|XX|1124441423~N3|2925 SKYWAY CIR N~N4|IRVING|TX|750383510~REF|PQ|323517~REF|TJ|464596181~LX|1~TS3|1962447805|12|20161231|2|408~CLP|5856-9473|1|204|176.23||16|165227126|12|1~NM1|QC|1|TYNDALL|VICKY||||MI|H66044316~NM1|74|1|TYNDALL|VICKY||||C|H66044316~NM1|82|1|KETHA|SUMANA||||XX|1962447805~REF|1L|0Q321419~REF|CE|MEDICARE ADVANTAGE HMO~DTM|232|20151218~DTM|233|20151218~DTM|050|20160201~SVC|HC^99350^25|204|176.23||1~DTM|472|20151218~CAS|CO|253|3.6||45|24.17~REF|6R|1675386852Z1~AMT|B6|179.83~CLP|5897-9431|1|204|176.23||16|165227125|12|1~NM1|QC|1|WORMLEY|ROBERT||||MI|H05199334~NM1|74|1|WORMLEY|ROBERT||||C|H05199334~NM1|82|1|KETHA|SUMANA||||XX|1962447805~REF|1L|0Q321419~REF|CE|MEDICARE ADVANTAGE HMO~DTM|232|20151217~DTM|233|20151217~DTM|050|20160201~SVC|HC^99350^25|204|176.23||1~DTM|472|20151217~CAS|CO|253|3.6||45|24.17~REF|6R|1675386848Z1~AMT|B6|179.83~SE|44|0001~GE|1|3021~IEA|1|000003024~